2842 4834
445 337 499 426 Da
520 333 630 404 sciolo
654 285 830 432 Hesiodie.
901 412 905 417 ,
1120 347 1162 412 57

85 537 91 544 ·
119 512 278 578 institutae
306 508 461 592 exemplu
489 495 759 579 affertUlricius
785 515 924 592 120488,
958 531 999 578 es
1027 533 1159 594 promus

121 612 200 678 nibil
219 613 371 695 probant,
400 633 466 676 non
487 615 622 678 maioris
649 616 806 689 momenti
832 615 869 678 in
890 611 953 678 buc
979 636 1018 680 re
1039 616 1161 698 utun,
1289 599 1293 611 ¹

124 719 239 788 etiamsi
267 724 301 780 et
328 733 463 778 numero
489 713 584 795 plura
610 721 645 778 et
670 718 823 798 graudora
853 715 1026 801 dignitate¹
1039 726 1160 786 essent.

124 816 201 895 Quid
221 820 308 884 enisu
338 834 377 878 eo
399 813 559 900 efficitur,
571 847 575 858 ·
589 817 675 898 quod
696 816 907 886 Stesichorus.
925 809 998 883 dum
1012 817 1161 890 Hesiodo

116 915 200 995 liele
225 921 333 987 formu
360 939 438 984 usus
461 925 532 984 erut
561 919 624 1003 (cl.
648 920 688 983 ir.
710 917 792 984 Hes.
812 918 1047 1006 CXXXVI),
1074 923 1161 1005 quod

116 1031 241 1104 uterque
271 1021 408 1086 eandem
430 1018 532 1084 Arabi
560 1021 785 1108 genealogiam
816 1019 976 1088 babuerat
1002 1024 1057 1110 (fr.
1078 1024 1160 1092 Hes.

115 1123 271 1207 mxu
298 1121 367 1188 Aut
388 1143 482 1204 qnam
502 1125 571 1186 uim
601 1121 722 1188 habere
748 1131 857 1205 potest
876 1122 1015 1190 Hesiodi
1036 1130 1191 1194 mentio'
1261 1174 1267 1184 ,
1312 1135 1319 1163 ³

74 1285 76 1295 l
112 1227 147 1290 in
166 1224 366 1292 Stesichorio
397 1227 539 1288 carmine
568 1224 656 1290 lucta
685 1223 777 1311 (Arg.
799 1223 879 1290 Hes.
902 1225 1031 1310 Scut.)i
1065 1229 1111 1296 Et
1130 1233 1161 1295 si
1206 1293 1210 1305 ,

112 1323 313 1392 llirnerensis
328 1334 425 1410 poeta
437 1327 557 1414 multas
570 1325 697 1393 fabulas
712 1327 874 1394 tractabat
887 1331 954 1392 iarn
964 1328 1007 1393 ab
1016 1327 1160 1398 Ascraeo

111 1432 297 1511 expositus,
328 1433 427 1494 etiam
446 1427 540 1492 Ἰλίου
562 1427 692 1510 arnoldo
714 1437 749 1493 et
768 1425 913 1506 Νόστοις
934 1438 970 1496 et
984 1427 1161 1517 Ὀρέστειαν
1297 1417 1305 1458 ³

109 1532 259 1610 scripsit,
289 1550 371 1609 quae
398 1526 529 1595 fabulae
550 1525 727 1598 Homerico
755 1533 867 1612 generi
887 1535 991 1615 magis
1011 1536 1161 1614 propriae
1257 1579 1261 1593 .

64 1635 70 1643 “
108 1636 205 1694 erant
226 1627 413 1714 (Kleinep.
437 1633 478 1696 75
501 1649 548 1708 sq.
571 1633 610 1692 81
633 1649 681 1709 sq.
703 1634 784 1710 83..)
819 1626 859 1694 Ιιι
882 1627 1046 1713 Cycno
1053 1643 1162 1703 autem

102 1729 253 1798 fabulam
263 1729 454 1796 Hesiodium
468 1727 675 1810 relinquebat
697 1728 852 1814 (Mueller
866 1729 948 1797 Dor.
956 1730 1045 1815 [tp.
1057 1736 1162 1821 480..)

106 1833 254 1900 Omnino
276 1839 385 1899 sutem
407 1832 447 1896 de
471 1829 531 1896 hac
551 1829 772 1898 Stesichoriae
800 1836 880 1898 artis
909 1847 982 1904 eum
1002 1833 1164 1903 Hesiodie

107 1937 301 2021 cognatione
325 1936 457 2016 eiusque
472 1937 680 2035 argumentis
686 1941 776 1998 recte
791 1935 950 2006 indicauit
962 1935 1162 2006 Welckerus

104 2061 136 2120 p.
156 2043 231 2119 147,
254 2044 367 2102 ceutm
391 2057 485 2118 quem
507 2013 705 2119 Ulriciusp.
722 2041 797 2102 489.
819 2034 862 2102 Ν.
879 2045 953 2105 222.
975 2061 1090 2121 parum
1111 2043 1162 2108 le
1235 2037 1242 2064 ⁸

106 2137 216 2206 liciter
232 2140 414 2221 disputasse
430 2139 512 2207 mihi
532 2139 673 2204 uidetur.
702 2137 878 2204 Praeterea
898 2147 1010 2207 autem
1031 2165 1073 2208 ne
1092 2144 1162 2210 sul-

108 2239 207 2306 fieere
236 2241 367 2324 quidem
393 2242 524 2307 uidetnu
552 2243 632 2308 artis
663 2239 850 2313 similitudo
871 2249 929 2309 aut
954 2245 1098 2317 imitatio
1120 2246 1163 2316 ud
1245 2277 1250 2286 ·

106 2341 197 2409 illam
219 2364 292 2408 rem
316 2343 556 2424 explicandam·
1237 2412 1242 2428 Ι

190 2445 260 2511 Sed
282 2447 311 2508 si
324 2443 523 2511 Welckerus
544 2447 615 2525 ipse
638 2443 907 2528 p.138.lebulae
927 2465 1078 2514 caussam
1096 2469 1163 2516 non
1250 2484 1254 2492 ·

106 2548 141 2614 in
162 2552 244 2614 artis
269 2545 502 2632 similitudine,
533 2546 591 2611 sed
612 2549 647 2612 in
670 2551 818 2638 externis
848 2547 1040 2630 quibusdam
1059 2552 1161 2615 ratio-

107 2651 201 2717 nibus
218 2650 438 2734 quaerendam
455 2650 636 2738 existimat,
660 2671 739 2733 quas
755 2650 885 2732 quidem
898 2648 1059 2716 Hesiodie
1076 2651 1164 2732 aliud

104 2749 290 2822 Locrenses
318 2750 431 2818 schola
462 2753 622 2820 contineri
651 2753 750 2832 dicit,
787 2750 850 2816 hoc
880 2752 959 2834 quid
986 2751 1052 2820 sibi
1080 2751 1164 2820 uelit

106 2876 170 2920 non
200 2860 284 2923 satis
318 2855 489 2935 perspicio.
507 2853 538 2936 Ι)
587 2852 672 2926 Nam
706 2857 736 2918 si
764 2851 842 2918 talis
878 2851 993 2918 schola
1019 2875 1163 2937 unquam

107 2957 192 3038 apud
213 2957 310 3028 illam
331 2963 460 3042 gentem
484 2957 678 3037 exstitisset,
700 2954 969 3038 Stesichorusque
992 2957 1025 3021 ei
1046 2979 1083 3022 se
1104 2957 1179 3021 ad-.

108 3057 262 3141 dixisset,
286 3059 321 3124 id
343 3059 440 3126 aliter
463 3057 538 3124 fieri
561 3079 627 3122 non
648 3065 794 3140 poterat,
816 3061 881 3124 nisi
901 3059 1070 3124 imitandis
1093 3061 1164 3124 eius

61 3190 64 3198 ¹
109 3169 215 3228 sectae
244 3161 415 3245 operibus,
454 3183 535 3244 quae
564 3169 672 3226 tamen
701 3163 804 3242 ipsius
830 3145 969 3224 Hesiodi
994 3162 1165 3246 ingenium

108 3261 231 3328 referre
254 3271 507 3328 consentaneum
530 3271 610 3328 erat.
643 3261 756 3345 Itaque
776 3263 879 3342 ipsius
892 3260 1068 3328 Welckeri
1088 3282 1165 3326 sen·
1186 3305 1192 3314 „

104 3369 212 3430 tentia
235 3363 352 3428 eodem
375 3365 443 3430 lere
465 3363 603 3446 rediret,
633 3385 696 3446 quo
720 3363 849 3429 Ulricii.
885 3361 1061 3430 Praeterea
1083 3382 1164 3426 uero

111 3470 226 3548 apinae
253 3468 333 3530 artis
362 3489 418 3548 per
446 3465 577 3531 Italicas
598 3453 813 3531 Locrensium
841 3463 988 3531 colonias
1016 3463 1164 3528 florentis

109 3569 198 3642 nulla
221 3589 355 3652 prorsus
377 3568 418 3631 ad
432 3573 576 3634 nostram
594 3575 735 3634 aetatem
756 3576 887 3634 senate
908 3574 958 3632 est
970 3565 1140 3633 memoria.
1196 3630 1200 3639 ,

114 3741 326 3758 w
372 3741 374 3744 “

179 3843 205 3909 u)
229 3843 302 3896 llicit
324 3843 378 3894 sic:
407 3841 573 3894 Damnacb
601 3841 737 3894 scbeiut
764 3839 935 3892 vielnetr
960 3839 995 3890 in
1020 3839 1166 3896 insueta

112 3925 391 3981 Verbtittniasen
419 3929 480 3980 der
502 3925 616 3980 Grund
642 3942 684 3978 nu
708 3929 844 3993 lieren,
867 3926 943 3978 dass
969 3921 1006 3999 en
1029 3926 1089 3978 des
1107 3923 1167 3978 lle·

104 4015 237 4066 stodor
258 4013 347 4068 Saba
371 4015 505 4068 beisst:
532 4013 596 4066 und
619 4013 716 4066 disse
735 4013 903 4068 bostelen
928 4011 1038 4079 grade
1056 4011 1090 4062 iu
1107 4011 1169 4063 dar

106 4097 575 4156 ‚betriaci-Hesternum
593 4099 737 4170 botulo,
754 4102 859 4154 dorsu
875 4098 1007 4154 Daseia
1024 4103 1077 4151 etc.
