2842 4834
277 343 321 402 20
385 357 392 372 ’
608 328 665 396 De
684 317 797 396 atton
817 329 994 422 Hesiodiu-
1059 408 1064 418 .

281 509 450 586 poetarum
465 499 633 566 excultum
654 499 836 586 aignilicari
856 500 921 568 eibi
938 499 1192 584 pernectare
1220 507 1270 571 ita
1281 513 1333 588 nt,

282 603 369 688 quod
397 605 442 668 in·
464 601 610 696 Homero
637 623 696 684 pro
724 609 814 668 cetto
843 611 997 685 poneret
1018 603 1194 687 explorato
1216 605 1334 674 haberi

197 751 199 759 .
282 705 470 786 uideretur,
497 723 557 787 per
576 701 760 788 analogiam
774 706 936 786 quandam
953 706 995 770 ad
1009 705 1190 772 Αωιιοιιιι
1201 693 1335 792 poetam

283 807 480 876 mentatum
502 825 574 872 aeae
596 807 739 888 aurpicio
758 807 991 872 aubnaacatnn·
1025 806 1070 872 Et
1094 809 1177 875 milri
1201 811 1336 892 quidem

169 919 172 925 '
281 909 473 996 perauaar‘um
502 915 573 990 ert,
608 909 673 972 nini
700 907 865 999 Homeroa
897 917 966 974 tam
986 909 1119 975 facilem
1141 931 1178 976 ee
1200 909 1338 978 illorum

282 1016 416 1080 conatui
435 1009 656 1096 praebuisset,
683 1015 746 1076 nix
769 1029 951 1092 quenquam
974 1011 1016 1074 de
1034 1009 1175 1078 lleaiodi
1194 1035 1338 1094 perrona

31 1121 36 1144 '
174 1157 177 1166 ·
282 1113 504 1184 dubitatdrnm
531 1119 589 1176 aut
615 1114 650 1176 in
673 1121 783 1176 aeetae
798 1112 853 1176 'ab
874 1113 1093 1196 eocooditae
1115 1117 1338 1194 anapicionem

283 1221 462 1284 incisurum
476 1214 589 1278 fniaae.
632 1211 742 1289 Quum
755 1235 835 1315 nero
854 1215 961 1279 omnia
974 1214 1015 1278 de
1030 1213 1207 1281 Homerica
1220 1203 1340 1283 ecbola

283 1320 445 1385 dubitatio
470 1313 600 1380 sublata
621 1313 805 1396 uideretur,
835 1313 934 1379 facile
954 1315 1034 1380 talia
1054 1321 1221 1384 aocietatia
1244 1323 1338 1406 cogi-

199 1444 201 1454 ·
281 1427 366 1488 tatio
382 1425 481 1486 etiam
495 1415 537 1482 ad
550 1431 627 1482 'aum
642 1422 771 1498 poetam
788 1414 1030 1519 applicabatur,
1060 1421 1117 1501 qui
1137 1442 1234 1502 qnam
1248 1425 1338 1504 epici

161 1555 167 1562 ·
282 1511 411 1611 generis
427 1522 621 1608 cognatione
644 1539 718 1582 cnm
738 1516 884 1584 Homero
906 1521 1117 1602 coniunctura,
1138 1531 1209 1588 tum
1225 1534 1337 1592 cente

224 1689 231 1704 ,
283 1635 319 1692 at
347 1626 452 1713 gloria
482 1624 514 1688 ei
544 1623 717 1704 proximus
746 1628 843 1686 earet.
885 1619 1019 1687 Etenim
1044 1621 1144 1688 ualde
1172 1615 1337 1707 proclidia

283 1737 360 1795 aunt
386 1727 555 1792 bominum
583 1724 717 1806 ingenie
744 1720 787 1784 ad
809 1721 1041 1791 similitudine·
1065 1728 1101 1790 ln
1122 1724 1262 1794 historia
1283 1733 1337 1794 in-

282 1827 504 1916 castigandae,
518 1843 734 1908 magnamque
749 1823 1063 1890 commendationem
1078 1825 1199 1895 babere
1212 1838 1248 1898 et
1259 1853 1336 1913 pro.
1409 1822 1410 1883 ξ

94 1992 97 2002 .
219 1911 223 1933 ’
285 1931 489 1998 habilitatem
512 1925 552 1989 ea
573 1921 699 2004 uolent,
722 1944 805 2008 qnae
825 1923 997 2012 analogiae
1022 1932 1152 1996 ratione
1172 1932 1338 2014 explicari

253 2043 258 2052 '
284 2056 381 2118 pocae
405 2029 589 2095 uideantur.
626 2023 678 2091 Ito
700 2025 823 2089 lactum
842 2033 974 2117 eat‚·ut
992 2051 1108 2096 omnen
1127 2033 1197 2098 lere
1218 2043 1337 2116 poetae

222 2115 225 2124 ¹
284 2137 369 2217 epici
397 2110 591 2210 antiquistia
613 2122 772 2210 temporie
797 2126 894 2202 alteri
923 2127 1039 2197 barum
1067 2133 1253 2200 acbolarum
1274 2137 1336 2204 ad.

250 2277 254 2302 t
282 2235 502 2302 scriberentur
522 2249 627 2326 neque
647 2231 762 2311 opicae
787 2232 898 2311 poeria
918 2229 1058 2300 binaria
1082 2241 1172 2304 reete
1198 2241 1337 2317 tractari

281 2339 461 2415 uideretur,
482 2333 559 2412 niel,
579 2329 765 2398 scholarum
780 2313 915 2399 notione
931 2333 1090 2419 adhibita,
1111 2338 1235 2404 duabne
1255 2357 1335 2422 par-
1408 2424 1409 2429 ἵ

161 2493 164 2502 ,
208 2427 210 2430 ’
282 2441 370 2508 tibae
398 2445 468 2516 tum
496 2440 667 2517 poetarum
695 2439 766 2500 tum
794 2437 974 2502 carminum
1006 2439 1335 2523 comprehenderetur

274 2540 470 2609 annoto.
862 2577 866 2589 ·
1108 2595 1112 2603 .
1252 2533 1266 2562 ³

369 2641 463 2719 Quae
484 2641 514 2706 ai
534 2639 599 2704 luit
618 2639 714 2702 iatine
731 2639 897 2720 opinionia
912 2640 1017 2724 origo,
1038 2639 1080 2706 de
1094 2645 1235 2709 ueritate
1249 2647 1335 2728 eine,

209 2792 212 2798 .
282 2747 324 2810 de
356 2764 420 2826 qna
450 2763 535 2806 nunc
563 2761 631 2806 non
658 2739 787 2824 indico,
814 2738 913 2804 ualde
941 2743 1141 2823 anapicioaoe
1169 2765 1242 2810 erae
1270 2767 1335 2811 noa

144 2863 148 2880 ·
282 2851 421 2929 oportet.
463 2841 549 2908 Nam
570 2839 692 2922 multe,
721 2861 806 2922 qnae
830 2843 937 2922 primo
956 2841 1074 2910 obtutu
1094 2844 1192 2911 ualde
1213 2847 1335 2928 proba.

253 3031 256 3038 Ι
282 2948 435 3014 babiliter
467 2947 555 3010 dicta
585 2943 740 3008 uidentur
771 2949 807 3008 et
840 2963 992 3028 magnam
1025 2943 1149 3012 habent
1180 2951 1334 3016 ueritatis

280 3053 443 3134 apeciem,
458 3055 579 3116 'tamn
599 3043 640 3112 ab
661 3048 734 3127 ipaa
754 3045 894 3110 ueritate
915 3052 1043 3112 tantm
1063 3047 1200 3131 absum,
1228 3073 1336 3133 quan·

280 3161 349 3219 tum
368 3165 469 3232 ‘caepe
489 3147 629 3216 alicuine
654 3149 705 3212 rei
734 3154 852 3212 natura
872 3169 893 3210 a
914 3150 1023 3229 apecie
1046 3150 1117 3214 eine
1137 3150 1265 3228 differe
1296 3163 1334 3220 et

279 3275 398 3342 magna
420 3255 571 3318 cautione
592 3271 674 3334 opne
695 3256 757 3330 eet,
779 3270 821 3312 ne
842 3248 1014 3337 analogiae
1034 3249 1179 3318 fallaciia
1200 3253 1332 3337 decepti
1408 3266 1409 3283 ¹

136 3427 139 3436 ,
277 3361 314 3422 in
342 3357 552 3444 grauiaeimoa
580 3352 772 3418 inducamur
794 3371 931 3418 errorea.
974 3351 1028 3420 Da
1057 3376 1120 3439 qna
1141 3353 1332 3424 Nitraclrina

278 3459 407 3544 (Melet.
429 3457 470 3520 de
490 3453 579 3520 Hiat.
602 3452 700 3520 Hom.
722 3450 773 3534 ll,
795 3459 835 3536 2,
861 3474 894 3535 p.
919 3459 976 3535 12)
1004 3454 1257 3537 prodentisaime
1279 3463 1333 3525 aic

277 3565 421 3626 monuit:
451 3555 600 3640 „Varum
607 3543 796 3638 §alequam
815 3558 955 3637 rationia
978 3561 1159 3622 communia
1177 3553 1332 3628 normam

277 3661 438 3726 similibus
464 3656 625 3742 applices,
654 3665 764 3724 utrum
791 3681 870 3724 uera
899 3657 1023 3723 similia
1047 3658 1172 3726 fuerint
1199 3683 1242 3726 en
1268 3683 1332 3729 ena

276 3762 414 3842 quadam
441 3763 639 3844 proprietate
667 3759 922 3844 discrepuerint,
958 3769 1109 3827 accurate
1135 3763 1329 3831 uidendum.

274 3863 393 3928 Parum
412 3863 617 3930 considerata
645 3860 841 3945 rhapaodiao
861 3883 941 3928 nane
961 3861 1004 3928 ad
1025 3866 1136 3930 omnia
1158 3867 1329 3947 epicorum

273 3967 453 4028 carminum
485 3987 605 4050 genera
641 3969 796 4046 opinione
825 3963 1010 4030 tranalatur
1047 3974 1129 4041 eata
1161 3971 1329 4040 incautius
1407 4034 1408 4043 ,

271 4069 372 4132 etiam
394 4048 572 4130 didascalia
591 4069 788 4150 tragicorprn
809 4069 1048 4134 communicata
1069 4091 1144 4136 cum
1165 4071 1268 4153 epicia
1292 4081 1329 4138 ct
