2842 4834
58 293 61 310 ,
129 329 134 390 J
221 319 285 384 *oo
389 315 396 336 ⁴
493 376 497 390 ,
574 309 629 376 Dc
650 309 955 378 tolotalleeebdia·
1044 401 1049 411 κ
1163 397 1182 428 x

241 485 383 554 mratius
402 482 572 564 quaerenti
593 479 765 546 obscurum
787 501 859 546 esee
880 465 1115 572 nonpossint,
1143 483 1215 547 istis
1238 485 1292 547 ta·
1417 541 1419 543 ,

241 587 328 658 bulis
350 605 425 650 eum
448 605 542 664 quem
554 582 671 674 uolqut
683 603 778 648 usum
791 579 927 648 concedi
940 603 1006 648 nou
1019 581 1149 675 debere.
1179 583 1294 660 Quare

239 689 323 760 mihi
350 677 504 754 uidentur
532 685 651 750 nubem
679 707 750 765 pro·
768 685 893 756 lunone
915 683 1063 767 amplexi
1087 694 1122 750 et
1140 684 1295 751 umbram

116 797 118 803 ⁴
239 813 305 864 uon
333 808 450 870 corpus
478 789 594 852 sectati
625 798 724 861 esse3‘
751 808 933 882 quanquam
962 807 1100 854 acumen
1127 787 1295 869 quoddam

238 893 348 980 prodit
375 897 410 954 et
437 891 600 973 ingeniosi
635 886 777 954 hominis
808 898 860 956 est
886 888 971 956 tales
1005 888 1133 958 fabulas
1167 900 1226 972 per
1253 911 1294 956 so

114 1030 121 1050 x
237 995 329 1062 leues
353 997 387 1058 et
407 989 540 1056 inutiles
562 991 604 1054 ad
626 995 738 1054 tantae
751 993 801 1060 rei
816 990 1125 1060 demonstrationem
1139 1011 1268 1076 cogere:

229 1109 234 1118 ’
322 1095 392 1160 lam
414 1113 493 1158 uero
523 1093 675 1174 quoniam
705 1093 740 1156 iu
769 1093 811 1156 iis
841 1092 962 1162 fabulis
989 1091 1074 1158 nibil
1102 1095 1293 1160 iauenimua

42 1281 50 1296 ,
121 1205 129 1224 ⁸
237 1197 323 1282 quod
344 1195 386 1260 ad
412 1202 533 1260 sectam
563 1194 705 1275 aliquam
726 1191 919 1266 Hesiodium
946 1197 1018 1263 iure
1043 1208 1212 1276 possemus
1232 1216 1291 1258 η.

156 1326 160 1331 *
236 1303 341 1381 serre,
379 1303 513 1379 quaerat
544 1295 682 1376 aliquis,
720 1303 832 1366 totoue
867 1299 933 1360 iarn
964 1317 1079 1362 caussa
1115 1301 1290 1378 poetarum
1417 1358 1418 1361 ,

10 1447 12 1454 ·
234 1400 467 1468 Hesiodiorum
494 1397 621 1478 perdita
643 1396 712 1468 esti
744 1397 884 1468 Minimo
904 1418 995 1462 uero.
1027 1395 1173 1463 'Prolata
1195 1399 1287 1464 enim
1417 1476 1418 1489 2

173 1555 176 1566 .
235 1505 302 1570 alia
325 1495 401 1570 sunit
421 1505 611 1584 argumenta
632 1505 667 1562 et
681 1502 833 1584 gramma
847 1499 994 1582 quidem3
1017 1519 1153 1580 qnorum
1173 1501 1286 1564 maxi·

99 1626 104 1648 ¹
188 1611 191 1618 “
233 1627 321 1678 marn
349 1605 417 1674 uim
447 1599 531 1668 illud
547 1598 676 1681 babet,
708 1600 839 1682 quode
866 1601 1075 1672 multitudino
1104 1604 1287 1666 carminum

231 1705 379 1780 Hesiodo
409 1692 644 1784 adscriptorum
674 1701 813 1781 ducitur.
856 1703 907 1769 Ea
935 1706 1023 1767 enim
1052 1724 1150 1784 quum
1179 1725 1288 1786 nequo

231 1812 329 1880 unius
356 1805 499 1872 hominia
528 1823 601 1868 esse
632 1824 737 1884 nequo
767 1806 826 1868 uni
854 1807 955 1871 aetati
980 1805 1121 1876 adscribi
1152 1813 1286 1887 queant,

233 1911 365 1982 scholae
395 1905 563 1972 cuiusdam
596 1912 766 1987 poetarum
796 1909 1015 1988 suspicionem
1044 1929 1177 1980 mouere
1206 1929 1286 1989 pos·

167 1999 171 2011 ²
232 2020 327 2094 sunt,
354 2012 409 2092 qui
434 2007 477 2076 ah
496 2005 643 2071 Hesiodo
676 2027 795 2073 nomen
816 2007 973 2075 babentes
1000 2031 1075 2078 eum
1096 2011 1144 2075 ita
1164 2030 1285 2092 sequo-

229 2122 362 2192 rentur‚
384 2116 422 2174 ut
443 2130 509 2172 non
529 2108 626 2172 modo
650 2109 695 2179 ad
716 2112 788 2178 eius
808 2113 1025 2176 imitationem
1047 2133 1084 2178 se
1105 2134 1284 2195 compone·

186 2246 190 2252 ·
229 2223 322 2296 rent,
350 2231 464 2282 uerum
486 2212 585 2275 etiam
613 2233 691 2292 prae
714 2211 806 2278 illius
827 2211 933 2298 gloria
956 2215 993 2283 in
1013 2214 1164 2282 tenebras
1185 2237 1280 2280 reco-

231 2318 347 2382 derent
377 2334 499 2395 suaque
528 2335 627 2394 opera
655 2315 697 2381 ad
718 2337 802 2387 eum
833 2316 1056 2386 transferrent
1098 2317 1152 2391 Do
1181 2317 1281 2387 buius
1321 2333 1326 2342 ⁴

203 2462 206 2470 ι
230 2421 369 2494 rationis
390 2424 554 2488 momento
574 2425 613 2484 ut
636 2418 932 2501 recte‘iudicetur,
958 2440 1076 2506 magna
1096 2423 1205 2486 cautio
1228 2428 1284 2486 est
1412 2442 1418 2473 ⁴

123 2547 127 2572 ·
229 2521 425 2602 adhibendo,
447 2542 489 2584 ne
510 2522 611 2586 nimio
635 2519 804 2587 dubitandi
825 2528 1002 2603 contioque
1023 2523 1152 2592 dicendi
1170 2524 1282 2589 studio

229 2625 336 2706 abripi
356 2643 417 2692 uos
440 2623 600 2702 patiamur
622 2627 656 2688 ot
679 2625 716 2686 in
736 2627 917 2692 contrarios
937 2627 980 2688 iis
1003 2646 1130 2694 errores
1151 2625 1280 2691 ineida-

159 2773 162 2781 ,
228 2747 320 2807 mus,
353 2743 433 2806 quos
461 2725 650 2808 impugnare
679 2724 872 2796 sorduimus.
913 2725 1025 2798 Possit
1050 2729 1139 2793 enim
1159 2726 1283 2811 aliquis

229 2831 277 2893 sic
299 2827 482 2906 disputare,
510 2833 548 2891 ut
576 2825 617 2890 de
638 2829 769 2916 diuersa
795 2826 929 2892 illorum
957 2831 1136 2896 carminum
1163 2831 1280 2895 condi·

227 2932 319 2994 tione
349 2933 482 2990 moneat
514 2933 629 3009 atque,
668 2949 766 3009 quum
797 2929 838 2992 do
872 2929 1041 3012 plerisque
1070 2933 1278 3012 antiquorum

227 3033 421 3110 scriptorum
442 3033 634 3120 auctoritate
656 3037 690 3096 et
709 3033 906 3095 testimoniis
924 3035 1054 3098 utinen
1075 3032 1185 3113 liceat,
1205 3033 1279 3116 ple·

226 3151 326 3212 raquo
354 3133 479 3194 recenti
507 3137 615 3196 aetate
634 3129 773 3196 Hesiodi
801 3135 926 3197 nomini
955 3134 1100 3199 subiecta
1123 3158 1196 3201 esse
1218 3159 1279 3199 co-

106 3223 111 3239 '
227 3243 322 3300 netur
345 3234 577 3297 demonstrare.
607 3231 671 3298 Cui
692 3237 964 3319 argumentationi
986 3258 1026 3301 eo
1045 3240 1149 3302 maior
1170 3243 1280 3320 possit

226 3339 336 3421 pareri
365 3332 595 3416 probabilitas,
625 3357 687 3418 quo
717 3336 847 3401 facilius
867 3359 1001 3432 caussas
1029 3339 1184 3422 quasdem
1213 3363 1278 3405 ex·

227 3443 372 3525 cogitare
392 3433 482 3518 licet,
505 3439 619 3519 quibus
642 3439 765 3503 factum
786 3441 847 3520 sit,
869 3446 907 3503 ut
927 3463 1099 3526 progressu
1119 3446 1279 3523 temporis

226 3546 444 3620 maturatque
465 3542 570 3604 maior
592 3562 725 3622 operum
738 3541 913 3608 multitudo
929 3551 1140 3624 repeteretur.
1168 3541 1279 3625 Atque

227 3664 287 3728 ego
306 3645 375 3722 ipso
389 3640 564 3722 aliquando
586 3645 620 3707 in
643 3666 682 3707 ea
703 3647 866 3710 sententia
881 3667 989 3720 eram;
1013 3647 1072 3720 sed
1087 3649 1279 3727 quaestione

226 3744 409 3812 accuratius
436 3745 587 3812 instituta
614 3741 677 3810 hoc
699 3744 781 3811 mibi
807 3747 923 3816 uideor
952 3749 1178 3829 intellexisse,
1206 3747 1278 3828 ple-

225 3865 343 3926 rosquo
357 3845 575 3924 antiquiorum
591 3849 784 3930 scriptorum
798 3849 838 3913 do
851 3852 1029 3916 carminum
1044 3850 1278 3916 Hesiodiorum

226 3945 420 4018 auctoritato
452 3949 583 4012 omnino
617 3969 682 4014 non
714 3949 896 4015 dubitasse.'
932 3950 978 4017 Et
1011 3955 1041 4016 si
1077 3958 1278 4034 reputamus,
1315 4019 1321 4027 ,
1417 3950 1418 3961 ’

227 4069 323 4134 quern
346 4065 449 4130 pauca
471 4049 603 4114 omnino
625 4059 701 4117 ante
722 4050 905 4118 Pausaniae
927 4061 985 4121 aut
999 4052 1165 4121 Athenaei
1185 4059 1277 4119 aeta·
1311 4115 1315 4125 ,
