2842 4834
326 560 329 567 ⁸
383 579 440 650 De
462 594 866 697 composuissemus
887 552 1036 663 Hesiodo
1057 615 1159 679 mnu.
1282 678 1285 686 ,

329 751 369 818 Si
392 756 400 772 ”
513 775 586 822 eam
607 761 785 844 rationem,
809 736 891 844 quae
913 785 959 829 ex
980 768 1060 832 artis
1080 771 1300 840 similitudine

1 834 2 863 ¹
180 819 182 826 Ι
244 853 373 924 ducitur
374 755 628 1024 ,Qualem
645 861 685 924 ad
707 872 870 930 sectarum
890 869 1078 948 opinionem
1099 873 1298 940 confirmae·

200 981 207 994 ·
244 959 318 1024 dam
347 965 437 1022 recto
517 965 723 1044 putarimus,
758 968 826 1045 iun
855 967 896 1032 de
921 967 1027 1035 altera
1056 972 1099 1036 ad
1125 985 1297 1055 poetarum

1 1103 2 1132 ι
119 1141 122 1148 ¹
241 1063 381 1143 patriam
404 1063 586 1138 pertinente
609 1051 828 1146 quaerendum
842 1076 903 1150 est,
926 1091 990 1151 qua
1009 1073 1090 1137 item
1112 1075 1196 1142 nihil
1218 1077 1296 1142 eifi·

242 1165 337 1228 citur.
376 1157 479 1244 Nam,
501 1163 544 1227 id
559 1165 643 1245 quod
665 1174 779 1233 cautos
792 1189 859 1250 nos
883 1171 1020 1237 reddere
1043 1173 1158 1259 debet,
1178 1201 1296 1260 parum

43 1209 46 1214 Ι
89 1279 91 1282 ·
143 1313 146 1316 .
192 1335 197 1356 -.
241 1263 347 1330 adbuc
376 1262 417 1326 da
438 1261 635 1330 Hesiodiae
644 1271 753 1349 poesis
780 1291 839 1350 per
862 1270 1033 1341 Graeciam
1060 1283 1296 1366 propagatione

241 1372 380 1448 constat,
403 1385 508 1446 neque
533 1363 700 1449 quisquam
723 1391 797 1434 eam
815 1390 884 1437 rem
905 1383 1103 1455 pertractare
1122 1372 1308 1466 cogitauit'

240 1469 307 1534 Sed
329 1475 440 1532 estes
461 1470 607 1550 quaestio
629 1479 761 1552 propter
781 1468 1043 1542 testimoniorum
1064 1483 1208 1563 mopiam
1225 1483 1292 1548 dif-

227 1543 444 1649 ‘fieillima,
434 1591 469 1634 ιιι
490 1591 554 1653 qus
582 1590 777 1655 magnopere
805 1578 984 1645 cauendum
1006 1589 1074 1662 est,
1104 1603 1146 1646 ue
1169 1583 1292 1702 labidis

238 1673 429 1758 quibusdem
463 1692 522 1754 par
550 1668 633 1736 fides
664 1679 762 1756 atque
784 1679 977 1743 certissimis
1006 1686 1202 1750 testimoniis
1228 1651 1292 1754 ha·

235 1777 362 1857 beatur,
384 1773 418 1838 id
435 1773 551 1855 quod
540 1795 577 1836 m
594 1770 678 1836 illud
701 1797 747 1840 ex
768 1777 925 1860 sepulcris
946 1793 1172 1866 argumentum
1188 1789 1290 1856 cedit.

201 1860 205 1882 ¹
236 1877 346 1955 Quare
369 1875 541 1957 antequam
563 1867 640 1939 huic
662 1879 784 1940 rationi
805 1877 930 1960 aliquid
956 1885 1156 1969 tribuamus,
1187 1913 1289 1971 quae·

235 1983 334 2046 situm
362 1998 433 2042 esse
465 1981 613 2057 oportet,
632 1980 805 2062 primum,
841 2003 905 2062 quo
934 1991 1080 2066 tempere
1106 1988 1290 2060 Hesiodiae

91 2053 100 2064 ⁸
125 2105 137 2114 ·
207 2117 210 2124 .
233 2085 342 2166 poesis
364 2079 482 2144 notitia
498 2079 540 2144 ad
553 2100 711 2162 quamque
726 2080 884 2148 Graeciae
899 2089 1067 2168 ciuitatem
1088 2099 1287 2178 peruenerit,

161 2243 166 2270 ,
233 2183 351 2248 deinde
387 2187 496 2246 utrum
530 2184 566 2246 in
595 2181 733 2267 siugulis
761 2177 895 2250 urbibus
925 2186 1135 2269 publicum
1124 2215 1161 2258 ιιι
1189 2196 1287 2263 festis

232 2283 346 2350 diebus
367 2282 661 2365 certaminibusque
692 2283 892 2353 solemnibus
918 2311 1014 2356 usum
1043 2290 1213 2380 habuerit,
1239 2322 1284 2365 an
1375 2364 1379 2370 .

230 2389 317 2452 intra
343 2387 504 2468 priuatam
532 2387 622 2450 uitae
648 2388 867 2454 instituendae
889 2391 1066 2459 utilitatem
1086 2403 1283 2468 eonstiterit.

135 2487 138 2494 ’
230 2489 323 2567 Quae
346 2490 552 2571 quaestiones
579 2490 644 2552 nisi
665 2487 834 2554 absolutae
856 2502 968 2574 erunt,
997 2517 1063 2560 uon
1091 2503 1282 2580 poteritex

229 2599 397 2676 poetarum
417 2592 533 2672 patriis
554 2592 742 2656 coniectura
765 2591 806 2661 de
820 2601 933 2660 eorum
953 2617 1027 2660 cum
1039 2596 1186 2666 Hesiodo
1201 2626 1282 2671 cou-
1330 2679 1334 2684 ,

106 2729 110 2742 =
226 2693 395 2760 iunctione
426 2679 511 2766 fieri.
555 2689 689 2758 Uerum,
710 2714 808 2774 quum
837 2692 917 2760 illae
945 2718 999 2762 res
1028 2701 1172 2768 incertae
1199 2695 1281 2790 sint,

225 2805 337 2862 temen
360 2815 419 2875 ιι,
441 2815 524 2875 quae
543 2796 683 2874 scimus,
704 2794 746 2859 ab
767 2799 832 2859 ista
852 2817 912 2862 nos
933 2811 1091 2868 reuocant
1110 2807 1279 2887 opinione.

136 2965 138 2978 ,
193 2907 194 2912 ’
227 2897 419 2964 Hesiodium
440 2899 555 2978 poesin
568 2893 758 2960 Boeoticam
778 2895 878 2983 uulgo
898 2902 946 2965 itu
959 2902 1082 2986 dicunt,
1100 2914 1140 2971 ut
1154 2917 1279 2978 sectam

87 2982 94 3050 Ϊ
226 3021 298 3065 eam
315 2999 461 3064 maxime
476 3001 512 3063 in
524 2997 663 3082 Boeotia
678 2997 829 3063 demissa
844 2992 1047 3071 existiment.
1077 3006 1142 3073 Sed
1157 3013 1277 3082 mirum

160 3141 162 3144 -
225 3101 310 3184 quod
331 3107 460 3182 praeter
474 3098 654 3165 Hesiodum
677 3108 712 3165 et
733 3100 910 3186 ignobilem
926 3103 1097 3173 Chersiam
1110 3114 1277 3182 neminem

224 3206 375 3268 nouimus
394 3198 573 3288 Boeotum,
604 3204 658 3282 qni
686 3201 865 3268 Hesiodiae
892 3215 1002 3272 sectae
1030 3212 1141 3290 socios
1166 3218 1276 3284 uideri

223 3312 336 3387 queat3
369 3323 443 3366 nam
466 3303 506 3366 de
527 3310 712 3383 poematum
733 3303 979 3396 Hesiodiorum.
995 3314 1110 3400 patriis
1138 3321 1274 3385 nonita

222 3405 374 3486 constet,
397 3412 434 3468 ut
454 3401 608 3486 pleraque
632 3407 703 3468 sine
728 3405 930 3474 dubitatione
957 3414 1121 3492 possimus
1146 3419 1272 3487 referre
1345 3457 1350 3462 ·

221 3509 264 3572 ad
276 3507 458 3574 Boeotiam.
486 3503 622 3570 Addunt
641 3505 810 3574 Euboeam
829 3515 864 3572 et
876 3509 1066 3596 Phocidem,
1088 3539 1272 3602 quanquam

158 3651 161 3658 -
221 3610 261 3672 de
274 3607 452 3674 Hesiodiae
474 3610 583 3695 poesis
604 3609 640 3672 in
661 3605 714 3674 his
736 3613 833 3674 terris
854 3631 917 3676 usu
937 3623 972 3681 et
993 3614 1075 3682 flore
1095 3619 1183 3686 nihil
1201 3631 1270 3690 tra

219 3705 323 3775 ditum
345 3719 395 3774 est
414 3699 543 3792 praeter
564 3708 749 3794 fabulosum
764 3719 928 3778 certamen
943 3713 1170 3788 Chalcidense.
1199 3722 1269 3792 Uo·
1290 3741 1294 3746 ‘

136 3811 290 3882 lunt
312 3807 423 3876 etiam
453 3807 666 3878 Locrensium
703 3816 796 3900 genti
821 3813 1053 3897 Hesiodiormn
1088 3829 1272 3894 carminum

100 3945 108 3958 ·
216 3921 286 3980 ιιιιιι
300 3915 451 3978 notitiam
465 3921 535 3978 tum
548 3916 765 3980 imitationem
779 3915 963 3984 adscribere
964 3923 1269 4009 ‚primumprepter

157 4085 161 4091 ,
216 4016 361 4084 munina
381 4012 563 4098 Naupactia
583 4017 626 4082 ad
646 4014 828 4136 Ειιιιιιιιι,
856 4027 894 4086 ut
918 4023 1091 4124 opinantur
1111 4027 1305 4098 similitu·
