2842 4834
263 293 326 396 166
568 283 624 356 De
647 287 810 412 06161636
830 303 865 358 et
886 289 1029 358 none

28 415 32 422 =
120 443 152 525 .'
260 459 397 529 necent
416 455 602 544 Hesychius
628 457 777 526 'Herm‘
761 485 779 526 o
801 457 972 548 κατάλογος
994 456 1164 530 Ἡσιόδου.
1194 459 1304 570 Etym.

260 563 343 630 Gur.
358 586 390 650 p.
381 567 479 644 24.o,
489 567 556 636 23:
582 559 704 632 'Heius‘
732 561 797 628 ἔστι
817 562 897 635 me
914 560 1007 652 λόγος
1027 557 1146 652 (sio)
1150 546 1403 632 Hesione..

341 867 433 936 Haeo
454 867 715 954 testimoniorum
737 870 951 956 repugnantia
965 871 1033 950 ita,
1055 863 1174 933 sifieri
1187 877 1307 952 potest,

257 969 455 1040 remouenda
483 976 550 1050 est,
582 977 620 1035 ut
648 979 763 1035 neutro
792 990 911 1056 genere
933 968 1011 1034 fulsi
1033 968 1113 1052 qnid
1130 969 1217 1034 madi
1239 979 1308 1035 stn-
1408 974 1409 989 ¹

257 1082 378 1142 tuetur.
421 1069 506 1140 Nam
527 1069 664 1138 alteram
683 1079 809 1152 partem
828 1069 1021 1152 simpliciter
1037 1092 1190 1152 respuere
1212 1073 1308 1153 eique

258 1175 359 1244 fidem
387 1173 544 1256 abrogare
573 1173 644 1236 sine
671 1173 809 1238 rationis
831 1175 1045 1254 necessitate,
1070 1173 1216 1270 profecto
1240 1195 1307 1238 non

259 1285 311 1346 est
329 1275 497 1360 prudentis
515 1275 640 1348 eritiei;
672 1294 735 1356 quo
757 1294 888 1338 nomme
900 1273 1132 1358 mtnperundus
1149 1271 1306 1340 estUlri-
1409 1296 1410 1347 ;

258 1382 347 1460 eius,
381 1379 436 1460 qui
458 1397 540 1458 quae
561 1379 743 1456 posteriore
763 1373 837 1440 loeo
858 1380 953 1457 posui
972 1379 1161 1442 testimonia
1181 1384 1306 1442 temere
1409 1424 1410 1437 2

256 1482 417 1566 reiicitp.
442 1483 517 1546 363.
547 1496 579 1540 n.
601 1483 675 1548 205.
719 1475 833 1560 Aeque
860 1476 1125 1560 imprudenter”
1101 1501 1128 1542 ιι
1147 1477 1304 1560 iudicant,

256 1583 313 1666 qui
340 1577 467 1650 scholio
501 1575 544 1642 ad
575 1577 708 1646 Senium
742 1587 779 1646 et
803 1577 973 1664 Hesychio
1001 1585 1129 1648 tautum
1159 1580 1307 1646 tribuunt
1333 1603 1339 1611 ’
1410 1584 1411 1653 ζ

255 1683 478 1762 auctoritatis,
506 1688 545 1745 ut
564 1678 761 1746 Pausaniam
783 1688 819 1746 et
837 1680 1008 1763 Apollonii
1020 1679 1231 1752 scholiorum
1246 1704 1305 1745 ne-

253 1785 389 1876 gligant,
432 1780 502 1847 Nee
531 1785 635 1868 magis
666 1784 692 1848 ii
719 1781 880 1864 probandi
907 1790 1001 1862 sunt,
1036 1785 1093 1865 qui
1113 1804 1220 1848 66616
1248 1792 1306 1849 aut

250 1883 394 1960 alterurn
416 1881 548 1948 illornrn
570 1881 717 1948 locorum
739 1883 965 1950 emendatione
986 1901 1083 1966 quum
1106 1883 1220 1950 dieunt
1244 1883 1304 1948 ad-

254 1975 360 2054 hibita
386 1985 429 2050 ad
459 2005 537 2054 anae
567 1986 731 2066 opinionis
760 1979 1043 2054 confirmationem
1071 2007 1188 2072 eogere
1206 1988 1303 2052 insti·

253 2095 361 2162 tuunt.
410 2085 449 2150 In
477 2106 573 2168 quarn
600 2085 887 2170 reprehensionem
914 2089 1052 2155 inenrrit
1078 2085 1303 2172 Lehmannns,

255 2194 311 2282 oui
328 2208 425 2271 quum
445 2183 618 2270 Beklrams
640 2189 940 2259 Schleiermaobero
960 2196 1092 2255 auctore
1103 2191 1199 2273 apud
1214 2189 1301 2255 Pau·

237 2282 380 2358 'sanim
403 2289 454 2354 sui
476 2281 595 2355 ante
575 2315 613 2368 ας
632 2291 769 2378 μθγαλικ
786 2291 981 2374 deleuisset,
1002 2293 1095 2360 iliam
1108 2291 1302 2375 particulam

142 2455 161 2476 ‚‚
254 2414 321 2460 non
357 2391 550 2458 eiiciendam
583 2395 641 2460 sed
674 2396 947 2478 transponendum
977 2393 1037 2482 (ἃς
1064 2396 1137 2478 καὶ)
1123 2399 1304 2478 >censuit
1412 2408 1413 2411 ’

252 2493 332 2562 Has·
358 2497 471 2582 igitur
491 2499 570 2592 uias
590 2517 688 2578 quum
717 2497 912 2566 deserendas
938 2519 1011 2564 esse
1039 2493 1304 2578 intellexissem,
1412 2544 1413 2551 ι

254 2595 312 2664 diu
341 2599 484 2684 cogitaui
511 2599 552 2662 de
578 2597 715 2664 meliore
744 2604 1004 2666 testimoniorum
1024 2602 1111 2671 inter
1131 2620 1168 2663 se
1190 2601 1303 2664 eonci—
1412 2588 1413 2615 ³

113 2741 115 2747 s
254 2699 440 2800 ¹liundorum
472 2701 610 2788 ratione,
666 2698 705 2765 ln
741 2723 804 2786 qua
839 2705 1093 2789 inuestigatione
1126 2701 1305 2782 perspexi,

255 2824 385 2870 omnem
413 2802 482 2866 iere
510 2801 596 2868 inter
624 2805 715 2868 uiros
741 2802 854 2883 doetus
876 2806 1109 2872 sententianun
1131 2801 1305 2870 diuersita-

253 2913 340 2991 tem,
371 2901 412 2968 de
435 2924 498 2984 qua
516 2910 630 2984 postea
652 2926 836 2988 exponem,
863 2899 887 2972 e‘
903 2907 1105 2976 diuersorum
1119 2915 1301 2990 temporum

251 3005 445 3090 oonfusione
468 3007 626 3090 originem
644 3005 791 3072 (1661666.
833 3007 946 3092 linque
962 3008 1042 3076 duas
1059 3018 1183 3080 aetates
1200 3009 1302 3092 probe

254 3103 482 3172 discernendas
512 3127 584 3172 esse
614 3095 788 3185 existimo3
819 3131 882 3192 qno
909 3112 996 3178 facto
1016 3111 1077 3178 illa
1096 3113 1301 3177 testimonio·

252 3231 326 3282 rum
347 3211 561 3294 repugnantia
582 3230 648 3276 non
669 3209 744 3274 dieo
763 3219 966 3294 remoretur,
1003 3215 1063 3312 sed
1082 3213 1207 3283 nnllam
1230 3237 1303 3280 esse

246 3316 399 3396 apparet.
441 3307 567 3378 Harum
596 3317 740 3378 aetatum
768 3310 881 3378 altore
901 3321 952 3382 est
979 3307 1037 3400 ea,
1066 3337 1136 3400 qua
1156 3319 1303 3382 earmina

252 3414 341 3482 isene
378 3419 470 3490 sunt3
514 3413 652 3482 alteram
685 3415 869 3498 posteriora
898 3415 1182 3504 grammaticorum
1217 3425 1302 3489 tem·

252 3541 334 3604 pora
361 3517 445 3586 (1166.

243 3699 253 3784 s
336 3717 405 3785 Iam
434 3722 464 3786 si
492 3720 674 3803 quaeritur,
710 3703 820 3785 utr'nnr
847 3717 973 3786 dnobus
994 3721 1181 3788 nominibus
1201 3745 1303 3790 ιιιιιιιιι

251 3843 296 3889 an
331 3821 395 3886 duo
431 3825 576 3888 earmina
610 3817 791 3908 significari
826 3822 1018 3903 uideantur,
1055 3821 1137 3890 illud
1173 3831 1304 3908 ternpus

253 3925 398 3990 maxime
420 3923 657 4018 respiciendum
678 3945 751 3988 esse
773 3930 883 4006 patet,
911 3943 975 4017 quo
997 3927 1140 3991 earmina
1162 3929 1303 4011 primunr

220 4075 222 4084 r
253 4021 424 4118 inlunem
452 4024 651 4110 prodierunt.
695 4023 749 4090 De
780 4045 843 4110 qno
871 4018 1022 4107 tempore
1044 4035 1082 4093 nt
1101 4031 1206 4112 primo
1226 4027 1304 4094 1666
