2842 4834
454 335 517 403 „De
537 277 648 420 ecbola
669 335 846 408 Hesiodea.
963 434 967 439 ᾖ
1061 353 1216 445 [161.

119 521 192 579 tem
214 512 255 576 de
276 507 425 594 plurimis
452 507 649 574 carminibus
672 505 843 594 Hesiodiis
865 515 1054 583 testimonia
1081 519 1176 586 iune-
1269 523 1291 565 Ἀ
1400 562 1403 573 .

124 619 276 694 uiantur,
295 615 397 678 'etiam
417 609 502 676 illud
523 608 646 676 nullius
666 613 824 678 momenti
846 635 919 678 esse
942 626 1068 703 potest,
1092 623 1179 705 qued
1238 630 1241 636 '

28 753 32 758 ·
126 716 230 783 multa
250 721 401 796 poemata
421 716 602 778 recentium
617 714 746 788 densum
768 718 962 799 scriptorum
983 727 1178 792 auctoritate

125 815 270 882 Hesiodo
291 816 486 882 tribuuntur.
522 817 588 881 Sed
610 817 651 882 de
666 817 777 883 multis
798 822 897 884 etiam
916 827 987 884 tota
1001 828 1179 906 antiquitas
1281 866 1284 872 ,

126 928 199 984 ante
214 917 508 984 Alexandrinost
474 925 508 984 et
520 921 585 1000 ipsr
574 912 846 984 Alexandrini
837 945 871 985 ιιι
883 919 1030 987 Hesiodo
1044 936 1177 993 auctora

124 1023 277 1088 uidentur
308 1025 521 1084 consensisse
578 1019 685 1102 Atque
720 1024 760 1086 de
789 1022 1002 1104 Operibus
1035 1031 1176 1113 quidem,

125 1147 207 1206 quae
230 1143 342 1187 omnes
365 1123 407 1186 nd
429 1122 567 1187 Hesiodi
589 1145 708 1188 nomen
729 1123 929 1206 retulerunt,
950 1134 984 1192 et
1005 1128 1045 1192 de
1066 1129 1178 1197 'Pheo-

125 1229 240 1311 gonia‚
265 1227 305 1290 de
328 1228 420 1289 cuius
443 1232 574 1290 auctore
597 1235 727 1307 praeter
747 1226 943 1294 Pausaniam
966 1251 1060 1294 nemo
1084 1221 1177 1299 dnbi-
1288 1247 1291 1258 '

124 1331 225 1410 teuit,
249 1334 387 1392 nonest
410 1328 493 1409 quod
517 1327 610 1408 plura
633 1313 749 1424 dicam.
792 1329 918 1394 Eadem
940 1352 1021 1412 quae
1044 1331 1179 1400 'Pheo-
1224 1394 1227 1403 .
1271 1347 1275 1354 “

125 1433 278 1515 genias
307 1437 358 1492 est
384 1427 545 1490 Eoeamrn
574 1431 737 1510 conditio,
767 1430 809 1493 ab
837 1453 903 1495 uno
925 1432 1088 1499 Pausania
1108 1437 1179 1504 He·
1238 1464 1260 1480 ·¹

123 1533 219 1595 siode
251 1529 526 1600 abiudicatarum3
558 1525 793 1613 Catalogus
822 1535 944 1610 pariter
971 1543 1009 1598 ut
1037 1535 1178 1619 Opera

124 1633 352 1697 consentiente
380 1631 553 1692 uniuersae
577 1633 780 1710 antiquitatis
807 1634 965 1695 memoria
986 1632 1179 1717 Hesiodium

123 1751 258 1799 carmen
277 1731 427 1810 habetur.
464 1727 529 1813 (De
552 1728 711 1817 Catnlogo
734 1729 887 1797 et'Eoeis
914 1739 1101 1803 testimonia
1118 1764 1177 1807 ne·

122 1835 230 1900 tarum
253 1836 445 1915 scriptorum
467 1829 529 1895 huc
551 1835 749 1914 pertinentia
770 1834 933 1900 in'altera
954 1835 1069 1904 harum
1088 1865 1177 1909 com.

125 1941 361 2002 mentationum
398 1941 489 2016 parte
526 1933 672 2019 collegi.)
739 1939 901 2021 Χείρωνος
942 1935 1110 2024 ὑποθήκας
1145 1953 1180 2012 ct
1261 2002 1265 2017 .
1387 2011 1392 2018 ,

125 2041 297 2106 Scotum
325 2035 525 2102 Herculis
555 2035 714 2100 Hesiodia
743 2042 888 2103 carmine
916 2062 988 2105 esse
1019 2065 1065 2109 ex
1094 2051 1180 2111 anti-

129 2141 295 2224 quioribus
316 2161 399 2204 unus
423 2141 557 2225 negauit
576 2137 813 2222 Aristophanes
831 2139 1027 2225 Byzantium
1058 2167 1104 2211 ex
1125 2167 1179 2214 re·
1201 2218 1204 2226 ,

129 2239 328 2308 cautioribus
345 2243 384 2306 de
401 2243 500 2306 Scuto
514 2240 609 2305 multi
624 2241 864 2315 dubitauerunt.
892 2244 1180 2329 Melampodis

128 2346 319 2426 Strabonis,
352 2343 515 2408 Athenaei
544 2351 578 2407 et
604 2340 784 2410 Clementis
815 2349 908 2428 (narn
937 2349 1045 2434 minus
1073 2351 1181 2417 claros
1226 2338 1235 2427 ¹,
1260 2428 1263 2435 Α

129 2456 279 2511 auctores
310 2434 494 2527 praetereo)
523 2445 720 2510 testimoniis
750 2446 792 2509 ad
819 2445 1000 2511 Hesiodum
1027 2452 1178 2537 refertur,

127 2557 242 2612 contra
264 2565 399 2628 quorum
420 2551 646 2612 auctoritatem
669 2545 811 2612 'l'zetaae
839 2552 942 2630 ratio,
973 2553 1029 2631 qni
1050 2573 1180 2621 carmen

127 2653 201 2714 sine
219 2649 359 2714 Hesiodi
380 2651 511 2713 nomine
534 2651 664 2731 citauit,
689 2649 772 2716 nihil
795 2647 895 2716 ualet
923 2651 1178 2739 Astrcnomiam‚

127 2771 224 2832 quarn
247 2749 435 2816 Athenaeus
456 2751 601 2817 Hesiodo
633 2753 815 2833 abiudicat,
842 2751 961 2835 reliqui
984 2777 1103 2824 omnes
1124 2763 1180 2842 qui

127 2856 200 2918 eius
220 2857 418 2918 mentionem
439 2855 564 2922 iaciunt
594 2853 752 2942 (Plinius,
773 2853 986 2938 Plutarchus,
1009 2858 1111 2924 schol.
1136 2859 1179 2927 ad
1210 2895 1213 2905 ·

125 2953 240 3038 Arat,
272 2951 412 3037 Taena)
442 2953 586 3021 Ascraeo
621 2957 777 3023 tribuunt.
834 2956 978 3043 Aegimii
1011 2972 1197 3030 auctorem

107 3057 274 3141 plerique
294 3061 453 3123 incertum
484 3057 636 3125 habuisse
662 3060 825 3123 uidentur.
869 3057 922 3125 De
942 3060 1179 3145 reliquisset-
1189 3134 1192 3138 ,

126 3157 288 3242 minibus,
326 3181 460 3241 quorum
488 3164 645 3226 memoria
675 3161 812 3247 siugulis
841 3164 910 3229 fere
942 3161 1026 3228 locis
1054 3173 1177 3248 exstat,

92 3325 96 3330 .
125 3259 245 3326 nihil
234 3283 270 3325 ιιι
290 3260 355 3326 hoc
376 3285 495 3347 genere
518 3261 649 3329 definiri
670 3270 789 3345 potest.

215 3361 426 3444 Quasiquum
453 3367 501 3429 ita
523 3369 589 3431 sint
618 3381 807 3448 persuasum
833 3367 904 3432 iero
924 3365 1006 3432 mihi
1027 3378 1079 3435 est
1104 3369 1178 3452 plu·

122 3469 211 3533 rima
232 3467 411 3529 carminum
433 3463 664 3532 Hesiodiornm
692 3471 761 3532 iarn
785 3471 919 3550 antiqua
938 3473 1096 3534 memoria
1117 3492 1176 3552 pro

125 3567 295 3634 Hesiodiis
307 3564 429 3656 ‘habita
450 3569 552 3631 husae
575 3569 715 3653 (aliquot
729 3573 828 3635 etism
846 3573 1038 3634 recentioris
1060 3577 1178 3639 aetatis

125 3669 296 3735 fraudibus
323 3671 441 3750 poetae
470 3665 651 3734 clarissimo
680 3675 847 3753 supposita
869 3691 940 3734 esse
964 3673 1035 3750 quis
1060 3675 1178 3761 negoti
1234 3660 1237 3671 ¹

125 3769 220 3836 uelut
240 3769 431 3855 Ἐπᾳήιειον
452 3768 497 3845 εις
517 3768 695 3854 βάτραχον,
719 3790 848 3837 carmen
872 3771 912 3836 de
934 3771 1166 3862 salsamentislz

125 3863 127 3866 ’
211 3871 299 3938 Hinc
321 3871 419 3939 facile
439 3867 490 3936 'ad
511 3870 603 3936 illius
631 3878 814 3959 argumenti
843 3877 912 3940 uim
940 3879 1178 3963 agnoscendam

43 4019 45 4022 -
127 3973 379 4057 adduceremur,
407 3977 473 4040 nisi
502 3972 670 4043 obstarent
689 3976 1085 4058 quaedam'dnbltationes
1108 3964 1191 4049 eius'

121 4079 328 4146 momontum
350 4077 525 4146 admodum
547 4079 814 4147 {nannenten
