2842 4834
243 323 288 386 η
520 257 636 386 ὀ.
653 313 766 385 nsua
788 314 967 398 nom
1068 364 1073 374 -

91 517 95 524 .
241 488 357 570 mit,
399 481 445 550 Et
462 501 544 548 sane
565 484 714 568 quidem,
735 487 765 550 si
783 484 928 552 Ulricius
947 507 980 568 p.
997 489 1061 552 198
1083 483 1140 567 (ὦ
1158 505 1191 566 P·
1205 486 1300 572 ³²2)

243 596 384 656 aetatem
404 593 440 651 et
460 588 620 670 originem
642 585 773 653 fabulae
800 595 889 654 recte
912 588 1154 668 descripsisset,
1184 589 1300 673 negari

239 689 336 754 nullo
354 687 587 770 'modo'posset
610 707 761 772 magnam
781 712 822 754 ea
845 689 1077 774 comprobandi
1097 698 1302 756 momentum

216 835 220 853 ,
241 793 416 856 contineri.
461 789 526 853 Sed
549 811 646 872 quum
668 788 762 854 nohis
784 791 944 856 decere
966 790 1064 855 aliter
1086 791 1300 856 iudicandum

244 895 355 976 fuant,
378 895 488 958 iucem
506 913 570 958 non
591 912 774 977 passumus,
795 894 990 974 quinetiam
1011 891 1088 956 huic
1106 892 1238 958 luhnlue
1261 896 1301 960 irs

245 991 307 1060 hac
335 1015 372 1059 re
400 996 635 1060 anctoritatem
656 999 691 1058 et
721 991 821 1058 fidem
855 993 1048 1081 abrogemus
1081 1001 1117 1059 et
1147 995 1299 1070 edsius

126 1145 131 1153 ,
243 1099 404 1182 originem
433 1093 664 1177 explicandam
694 1097 796 1159 nimis
818 1097 995 1178 cupiditate
1021 1093 1161 1160 scholae
1175 1096 1300 1162 Hesio·

241 1198 319 1262 dise
350 1199 581 1282 cogitationem
612 1203 775 1278 arreptam
805 1219 877 1269 esse
906 1197 1072 1279 dicamus,
1103 1197 1301 1286 (loettlingii
1411 1250 1412 1253 ,

151 1288 161 1299 ’
242 1306 354 1366 autem
384 1299 523 1379 indicio,
558 1297 643 1379 quod
674 1299 709 1361 in
736 1297 915 1364 Praef.·ad
943 1299 1024 1366 Hes.
1054 1323 1086 1384 p.
1116 1299 1154 1365 X
1181 1311 1217 1367 et
1243 1299 1300 1369 xl

208 1459 214 1468 .
244 1403 370 1484 posuit,
391 1399 677 1466 uehementissime
699 1411 925 1485 repugnemus.
966 1399 1058 1468 Dicit
1079 1405 1168 1466 enim
1189 1412 1299 1469 certa.

242 1495 321 1568 men
342 1499 425 1566 illud
447 1523 513 1566 nun
534 1509 601 1566 tum
622 1504 770 1583 ineptam
790 1503 909 1584 uideri,
931 1505 961 1568 si
981 1503 1024 1593 ah
1046 1501 1193 1570 Hesiodo
1214 1527 1298 1588 qno·
1411 1550 1412 1567 r

242 1607 318 1671 dam
341 1613 374 1670 et
392 1604 537 1669 Homero
557 1599 679 1684 aliquo,
701 1605 726 1666 i.
745 1624 775 1668 e.
798 1625 818 1667 a
840 1608 945 1686 poetis
968 1603 1147 1670 Hesiodiae
1169 1615 1203 1672 et
1223 1605 1299 1672 Ho-

142 1775 146 1788 ,
243 1711 383 1774 merieae
397 1704 541 1786 scholae,
561 1706 747 1768 institutum
761 1726 834 1770 esse
849 1709 1080 1792 cogitaremun
1101 1705 1299 1777 Hesiodium
1411 1718 1412 1723 ’

243 1819 353 1876 sutem
382 1805 527 1878 scholam
558 1803 717 1870 Chalcide
751 1809 855 1891 magis
892 1807 1043 1874 floruisse
1074 1815 1299 1893 maioremque

243 1911 397 1978 hahuisse
428 1910 585 1994 gretiam,
616 1927 712 1988 quem
732 1903 951 1974 Homericam.
994 1909 1158 1977 Uidentur
1184 1921 1299 1982 sutem

242 2018 309 2093 oiri
324 2013 413 2078 docti
426 2011 473 2074 ita
488 2009 676 2074 ratiocinati
691 2029 780 2074 esse:
801 2009 979 2091 „Fuerunt
998 2012 1132 2079 scholae
1154 2018 1241 2081 inter
1257 2037 1298 2084 ss

243 2121 423 2185 certantem
462 2107 538 2174 hino
567 2117 731 2188 certamen
759 2109 843 2176 illud
872 2115 961 2180 inter
986 2117 1150 2198 principes
1180 2125 1297 2198 poetas

226 2213 420 2301 'confictum
441 2219 508 2285 est;
538 2215 605 2278 iam
627 2219 723 2278 extat
750 2212 827 2278 talis
848 2219 1036 2281 certaminis
1056 2219 1219 2292 narretio;
1246 2215 1297 2286 ei

243 2319 306 2384 hac
328 2319 427 2402 igitur
449 2314 529 2380 duas
550 2311 680 2380 scholas
702 2319 855 2381 extitisse
876 2321 1053 2398 apparet.“·
1090 2316 1192 2385 Cuius
1214 2341 1295 2385 ouo.
1411 2362 1412 2387 ,

243 2418 396 2488 eludendi
418 2418 555 2482 rationis
575 2417 692 2482 uitium
713 2437 780 2482 non
801 2419 959 2500 estquod
978 2428 1098 2488 notem.
1132 2418 1242 2505 Atque
1263 2426 1296 2491 si
1410 2466 1411 2483 r

243 2547 261 2590 a
282 2521 404 2590 talibus
425 2517 567 2600 isbellis,
590 2517 788 2600 quibusdan
802 2527 860 2584 snt
879 2518 989 2601 plures
1010 2533 1127 2606 poetae
1149 2527 1237 2593 ister
1256 2547 1296 2591 ss

134 2611 137 2619 “
160 2659 163 2664 -
242 2621 383 2692 nutasse
406 2620 567 2702 dicuntur,
592 2621 633 2684 de
656 2641 768 2685 eorum
790 2619 913 2686 scholis
933 2627 1152 2692 coniecturam
1174 2647 1296 2710 ospes·

241 2728 332 2808 licet,
355 2721 432 2807 qnid
453 2725 496 2790 iis
511 2721 742 2787 certaminibus
763 2723 932 2808 iaciemus,
957 2747 1040 2808 qnae
1050 2727 1092 2791 ad
1108 2729 1298 2811 antiquiora

140 2899 144 2906 ,
243 2831 343 2896 stiam
361 2835 509 2906 tempure
533 2823 740 2890 miernntnrl
773 2823 886 2892 sicin
906 2825 1128 2909 Peliueludis
1146 2830 1297 2896 funebri.

241 2931 303 3015 hus
323 2925 485 3010 Olympus
505 2924 614 3006 tibiis,
632 2924 785 3008 Orpheus
807 2925 945 3010 cithara,
964 2929 1070 2997 Linus
1092 2941 1202 3012 cunta,
1223 2932 1298 2998 En·

242 3027 370 3112 molpus
391 3029 433 3092 ad
458 3025 555 3094 tibias
578 3027 716 3112 Olympi
733 3050 816 3093 unce
836 3031 957 3095 uicisse
977 3041 1162 3098 nmmtnr.
1188 3031 1294 3122 (Hyg.

241 3133 308 3201 lah.
324 3128 536 3196 CCLXXII.
570 3131 662 3197 Suid.
690 3151 724 3194 u.
744 3131 914 3199 Hsdeosls.
951 3129 1119 3202 Plutarch.
1138 3135 1295 3220 Sympos.

241 3235 287 3318 V,
310 3241 341 3302 2.
378 3229 541 3315 Sibyllam
568 3235 688 3298 uicisse
718 3235 800 3302 dicit
828 3243 863 3302 et
890 3232 975 3300 hano
1002 3235 1148 3301 fabulam
1175 3237 1296 3305 eodem

167 3331 179 3386 ἶ
217 3343 226 3370 ’·
240 3337 314 3404 loco
336 3333 455 3416 hahet,
478 3357 541 3418 quo
562 3343 728 3402 certamen
747 3335 959 3422 Hesiodium,
981 3339 1024 3403 of.
1043 3335 1190 3404 Loheek.
1212 3338 1295 3426 Agl.

238 3462 271 3522 p.
295 3439 384 3524 328).
427 3435 589 3504 Similiter
622 3440 658 3502 in
684 3437 806 3523 Pythio
835 3439 975 3522 quodam
998 3442 1183 3511 certsmiue
1209 3440 1296 3508 An.

238 3539 351 3624 phion,
372 3539 501 3623 Pieros,
521 3537 661 3620 Anthea,
682 3538 905 3626 Philummom'
922 3537 1113 3625 Thamyris,
1135 3538 1296 3612 Phemius

120 3685 127 3704 .
183 3717 187 3726 ¹
239 3649 274 3710 et
293 3639 501 3708 Demodocus
524 3640 570 3706 ad
591 3643 730 3708 canendi
757 3627 861 3726 artem
882 3651 917 3709 et
936 3643 1128 3711 mediatem
1148 3645 1312 3726 prom.

240 3741 317 3806 dam
338 3747 503 3829 congressi
519 3765 591 3834 esse
612 3744 785 3812 traduntur
797 3769 818 3812 s
830 3744 1006 3824 Plutarcho
1021 3745 1061 3811 de
1075 3743 1165 3812 Mus.
1186 3769 1216 3812 o.
1228 3745 1295 3815 111.

237 3841 325 3911 Num
354 3845 454 3931 igitur
484 3844 645 3910 etulihns
674 3845 986 3930 iahnlis,·21aalium
1013 3829 1109 3930 plura
1136 3847 1295 3933 exempla

239 3945 404 4030 congessit
413 3943 603 4012 Loheclrius
625 3945 650 4012 l.
664 3945 701 4028 l.,
725 3950 871 4029 sequitur
888 3945 1037 4014 scholam
1051 3949 1155 4016 luisse
1169 3948 1294 4035 Olym·

237 4049 326 4130 piam
348 4053 406 4138 unt
418 4044 558 4114 Luem
578 4057 637 4118 snt
655 4047 855 4132 Sibyllinsm
874 4056 934 4116 sut
951 4047 1294 4151 Hhihmmunmun!
