2842 4834
766 57 799 106 s

524 192 533 230 1

423 311 478 380 De
496 315 595 396 poesi
612 305 845 397 genealogica.
928 275 954 323 ¹.
995 257 1159 391 l?

35 486 45 512 ”
104 473 213 570 'eopia
242 480 425 566 ferebatur,
467 503 550 562 (ιιιιιι
576 487 746 564 poetarum
780 481 889 547 stadia
916 491 1067 566 posset
1056 511 1092 552 ιιι
1117 511 1161 583 ..¹⁰

131 568 311 656 conuertere.
354 584 441 648 Hinc
464 583 668 662 factumest,
689 587 808 646 utnon
822 587 931 656 omnis
942 591 1034 668 epioe
1049 597 1157 671 poesis

133 691 163 754 ia
174 693 232 771 ipsa
247 689 387 755 Graecia
401 687 560 751 interiret.
605 683 669 747 Sed
686 687 857 764 quominus
872 685 1048 755 Homerica
1044 715 1156 798 aggu-

132 800 221 879 menta
236 795 471 872 fluctuantur,
500 783 651 849 obsubut
665 786 768 848 totius
781 766 871 850 uitae
888 772 1057 857 immutata
1079 818 1157 859 cou-

128 893 205 956 dilio.
261 889 370 968 Quum
404 892 504 954 eninr
528 893 603 968 post
634 885 882 952 lleraclidarum
911 913 983 955 cam
1013 891 1157 962 Doribus

123 997 362 1081 coniunctorum·
376 991 516 1056 reditum
534 987 740 1053 Achaeorum
763 987 926 1072 principes
948 1001 982 1056 et
1002 999 1159 1076 patrimo-

121 1097 169 1158 nio
193 1097 312 1176 priuati
343 1099 377 1156 ct
403 1093 540 1172 imperio
571 1088 656 1172 p'ulsi
688 1099 816 1182 essent,
848 1090 1157 1182 hermeneumatis,
1198 1117 1206 1126 ’

119 1215 176 1276 (ιιι
189 1195 221 1260 1ιὶ
238 1199 385 1261 maxime
398 1191 594 1274 floruerant,
616 1189 763 1256 laudatio
780 1213 885 1274 noque
900 1195 1040 1285 dominis
1062 1207 1157 1268 nouis
1254 1226 1259 1238 ’

119 1305 205 1381 grata
226 1319 331 1380 neque
346 1295 388 1360 ad
403 1293 594 1376 populorum
610 1295 737 1358 animos
751 1289 1159 1384 capiendos'tencndosqoe
1193 1321 1200 1335 '
1227 1305 1231 1323 “

116 1409 190 1482 apta
220 1421 293 1463 csse
324 1405 473 1478 poterat,
508 1415 605 1472 quum
636 1397 761 1456 neutris
794 1417 947 1476 encres,
981 1403 1016 1464 in
1045 1405 1170 1483 quibus.
1284 1467 1289 1476 ,
1341 1442 1343 1449 -

114 1481 267 1584 gerendis
293 1497 403 1562 nullas
432 1499 730 1579 egissentpartcs,
764 1491 889 1573 gloriae
918 1505 975 1560 sut
1001 1501 1161 1584 uoluptati
1221 1509 1232 1518 '

113 1609 241 1666 essent.
283 1597 398 1664 Potius
420 1615 516 1675 quarn
538 1592 668 1676 regibus
681 1593 821 1657 'exactis
843 1595 877 1658 ia
898 1593 1061 1682 plerisque
1082 1606 1163 1668 ciui-

113 1701 241 1768 tatibus
263 1699 304 1764 ad
326 1701 500 1780 optimates
529 1703 563 1762 et
590 1693 705 1776 opibus
735 1704 769 1758 et
798 1701 992 1762 auctorItate
1011 1699 1164 1771 florentes

112 1823 277 1869 summum
314 1803 485 1906 imperinm
521 1799 722 1890 transiisset,
758 1795 942 1889 fabularum
978 1815 1088 1869 autem
1124 1809 1189 1872 ad'

20 1981 27 2000 ι
114 1903 253 1970 beroam
274 1924 293 1966 e
308 1902 371 1966 diis
395 1898 553 1985 originem
567 1901 798 1982 pertinentium
812 1880 1035 1986 diuulgaretur
1047 1929 1164 1994 magne

114 2010 231 2090 eopia,
269 2003 332 2086 bae
360 2001 588 2088 genealogicae
616 1998 755 2064 fabulae
775 2008 844 2064 tum
873 2005 1073 2086 principibus
1093 2020 1160 2076 turn

112 2107 247 2191 populis
262 2114 423 2186 acceptae
446 2112 620 2186 grataeque
639 2096 749 2174 fuere;
777 2105 1011 2187 mancipibus,
1027 2113 1102 2191 quia
1123 2118 1164 2179 iis
1289 2171 1296 2186 ,

110 2211 343 2276 maturitatem
367 2227 457 2270 auam
481 2203 604 2268 firmari
627 2206 819 2288 generisque
834 2192 1038 2285 splendorem
1053 2221 1164 2300 sugeri
1253 2293 1257 2299 .
1315 2231 1319 2238 ·

109 2311 291 2383 uidebuntt
327 2305 457 2390 populis
479 2307 555 2388 quia
577 2302 710 2386 plurimi
731 2301 848 2368 heroes
876 2307 988 2373 diuino
1010 2321 1166 2402 sanguine
1349 2314 1355 2324 ”

110 2420 193 2482 orti*
208 2415 440 2484 uniuersorum
466 2409 611 2490 gentiam
640 2413 789 2469 auctores
818 2413 853 2501 et
876 2410 1060 2478 conditores
1081 2418 1167 2484 fere·
1218 2426 1221 2435 '

109 2517 246 2584 bantur.
306 2505 494 2576 Accedebat
524 2505 666 2572 Doricae
694 2509 801 2592 gentis
837 2509 979 2577 studium
1008 2517 1187 2615 quoddam.

109 2617 270 2686 discendi
292 2614 439 2678 maxime
454 2610 503 2674 ad
524 2611 669 2695 gentium
688 2610 882 2692 urbiumque
903 2616 1046 2701 origines
1067 2626 1167 2701 perti-
1242 2686 1248 2697 ,

28 2749 65 2832 .
108 2741 215 2802 nens,
254 2715 342 2798 quod
372 2705 512 2794 Hippias
537 2711 726 2777 Platonicus
756 2711 797 2778 de
818 2734 897 2778 suae
918 2720 1036 2782 aetsfis
1061 2719 1167 2788 Lace·

67 2819 304 2944 daemonias·
324 2817 485 2911 testatur.
521 2811 621 2896 Hipp.
649 2817 727 2880 mai.
762 2835 795 2896 p.
826 2818 971 2884 asad.
1008 2823 1169 2908 papirus

104 2929 289 3011 γενῶν*
323 2922 387 2984 τῶν
419 2938 453 2982 ss
484 2909 602 2999 ἡρώων
626 2917 676 2980 sul
704 2921 768 2981 τῶν
795 2914 992 3002 ἀνθρώπων,
1028 2926 1079 2990 καὶ
1107 2935 1170 2994 τῶν

33 3053 36 3056 ·
107 3013 382 3096 κατοικισιιιιζ“
360 3041 403 3093 (ις
422 3013 497 3081 rd'
479 3027 610 3100 ιιρχαῖιι
631 3018 876 3103 ἒιιιισθησαι“
842 3047 875 3085 ιι(
897 3019 1002 3100 πόλεις
1021 3029 1072 3091 sal
1094 3035 1168 3094 nal·
1226 3095 1229 3099 ,

107 3129 241 3214 ιῆβιιην
271 3115 374 3204 πάσης
401 3123 458 3201 τῆς
485 3115 702 3206 ἀρχαιολογίας
727 3119 840 3204 ἥδιστα
866 3122 1056 3209 disponimur·
1095 3130 1169 3210 ὤμ’

108 3230 205 3317 i'ycrye
240 3221 288 3292 (1(
313 3221 430 3298 adroic
449 3219 642 3306 ἠνάγκασμαι
664 3219 911 3308 {apenodariam
939 3251 974 3294 ra
1002 3231 1053 3295 sul
1079 3258 1175 3313 μεμι-

16 3330 21 3341 ’
107 3331 294 3418 λιτιικίιαι
304 3319 406 3389 πάντα
424 3321 465 3388 τὰ
486 3347 626 3392 τοιαντα.
664 3314 740 3391 Hoc
761 3326 903 3403 studium
919 3333 1018 3396 etlam
1031 3333 1073 3397 ud
1088 3336 1173 3398 anti·

108 3440 237 3522 quiores
261 3437 410 3504 tempora
430 3427 626 3506 pertinuisse
644 3425 817 3492 admodum
830 3429 1006 3511 probabile
1027 3440 1088 3498 est.

200 3533 265 3602 De
288 3528 463 3594 uniuersas
480 3530 590 3606 poesis
609 3525 788 3593 Hesiodiae
802 3533 928 3615 origiue
941 3539 1038 3613 atque
1051 3516 1174 3604 caussis

76 3638 176 3706 'boc
209 3635 295 3702 loco
323 3649 390 3696 aon
417 3627 607 3710 disputabo,
642 3635 711 3693 tam
743 3635 819 3712 qaia
847 3630 1025 3698 Ulriciue
1014 3657 1079 3701 sam
1102 3643 1181 3706 eam

104 3737 331 3848 prouinciam
348 3733 471 3816 optimc
492 3729 752 3809 administrauit,
784 3739 855 3798 tum
882 3731 969 3814 quod
986 3740 1173 3806 uniuersum

42 3891 46 3898 .
94 3841 225 3932 genus
267 3833 330 3900 boe
366 3832 451 3900 libro
484 3829 656 3914 complecti
684 3851 751 3896 nou
777 3835 980 3915 propositum
1007 3838 1089 3907 milri
1116 3849 1177 3907 est.

106 3941 266 4024 Quare
254 3959 322 4006 sam
335 3935 419 4004 nibil
432 3934 580 4018 impedit,
602 3935 774 4015 quominus
786 3934 829 3998 ad
844 3957 915 4001 eam
931 3957 1001 4004 rem
1014 3948 1251 4028 ususve-1

106 4049 274 4122 diamur,
294 4041 386 4104 cuim
401 4025 508 4124 ςἰιιι1ι(
525 4035 606 4101 baec
620 4035 730 4100 breuis
744 4040 908 4118 expositio
924 4050 975 4106 est
988 4047 1189 4127 praemissa.

147 4164 276 4222 Maron·
278 4159 383 4226 ubeffelii
374 4177 477 4212 armum
430 4167 527 4212 sument.
601 4173 605 4190 ¹
903 4147 926 4245 2
