<?xml version="1.0" encoding="UTF-8"?>
<!DOCTYPE html PUBLIC "-//W3C//DTD XHTML 1.0 Transitional//EN"
    "http://www.w3.org/TR/xhtml1/DTD/xhtml1-transitional.dtd">
<html xmlns="http://www.w3.org/1999/xhtml" xml:lang="en" lang="en">
 <head>
  <title>
</title>
<meta http-equiv="Content-Type" content="text/html;charset=utf-8" />
  <meta name='ocr-system' content='tesseract 3.04.00' />
  <meta name='ocr-capabilities' content='ocr_page ocr_carea ocr_par ocr_line ocrx_word'/>
</head>
<body>
  <div class='ocr_page' id='page_1' title='image "./hesiodieumelici00carcgoog_0089.png"; bbox 0 0 2842 4834; ppageno 0'>
   <div class='ocr_carea' id='block_1_1' title="bbox 321 341 1272 454">
    <p class='ocr_par' dir='ltr' id='par_1_1' title="bbox 321 341 1272 454">
     <span class='ocr_line' id='line_1_1' title="bbox 321 341 1272 454; baseline 0.027 -47"><span class='ocrx_word' id='word_1_1' title='bbox 321 359 344 398; x_wconf 61' lang='grc' dir='ltr'>ἰ</span> <span class='ocrx_word' id='word_1_2' title='bbox 386 375 391 406; x_wconf 78' lang='grc' dir='ltr'><strong>ι</strong></span> <span class='ocrx_word' id='word_1_3' title='bbox 481 345 537 414; x_wconf 80' lang='lat' dir='ltr'>Dc</span> <span class='ocrx_word' id='word_1_4' title='bbox 560 341 669 454; x_wconf 68' lang='lat' dir='ltr'>rcqol&#39;o</span> <span class='ocrx_word' id='word_1_5' title='bbox 694 349 870 418; x_wconf 77' lang='lat' dir='ltr'>Heer‘odc‘o.</span> <span class='ocrx_word' id='word_1_6' title='bbox 1135 367 1227 439; x_wconf 61' lang='lat' dir='ltr'>ld,</span> <span class='ocrx_word' id='word_1_7' title='bbox 1263 423 1272 432; x_wconf 85' lang='grc'><strong><em>,</em></strong></span> 
     </span>
    </p>
   </div>
   <div class='ocr_carea' id='block_1_2' title="bbox 307 425 986 484">
    <p class='ocr_par' dir='ltr' id='par_1_2' title="bbox 307 425 986 484">
     <span class='ocr_line' id='line_1_2' title="bbox 307 425 986 484; baseline 0.003 -2"><span class='ocrx_word' id='word_1_8' title='bbox 307 425 317 461; x_wconf 81' lang='lat'><strong><em>‘</em></strong></span> <span class='ocrx_word' id='word_1_9' title='bbox 944 458 948 466; x_wconf 92' lang='lat'><em>·</em></span> <span class='ocrx_word' id='word_1_10' title='bbox 978 449 986 484; x_wconf 83' lang='grc' dir='ltr'>ι</span> 
     </span>
    </p>
   </div>
   <div class='ocr_carea' id='block_1_3' title="bbox 132 503 1304 1124">
    <p class='ocr_par' dir='ltr' id='par_1_3' title="bbox 132 503 1304 1124">
     <span class='ocr_line' id='line_1_3' title="bbox 139 503 1304 612; baseline 0.013 -31"><span class='ocrx_word' id='word_1_11' title='bbox 139 514 256 582; x_wconf 89' lang='lat' dir='ltr'>urhem</span> <span class='ocrx_word' id='word_1_12' title='bbox 283 503 482 597; x_wconf 71' lang='lat' dir='ltr'>apportasse</span> <span class='ocrx_word' id='word_1_13' title='bbox 508 516 709 612; x_wconf 69' lang='lat' dir='ltr'>dicerentur,</span> <span class='ocrx_word' id='word_1_14' title='bbox 747 543 814 588; x_wconf 91' lang='lat' dir='ltr'>non</span> <span class='ocrx_word' id='word_1_15' title='bbox 845 527 880 589; x_wconf 87' lang='lat' dir='ltr'>in</span> <span class='ocrx_word' id='word_1_16' title='bbox 917 521 1031 592; x_wconf 83' lang='lat' dir='ltr'>schola</span> <span class='ocrx_word' id='word_1_17' title='bbox 1061 529 1198 609; x_wconf 86' lang='lat' dir='ltr'>quadam</span> <span class='ocrx_word' id='word_1_18' title='bbox 1294 601 1304 612; x_wconf 64' lang='grc'><strong>,</strong></span> 
     </span>
     <span class='ocr_line' id='line_1_4' title="bbox 140 617 1191 713; baseline 0.014 -31"><span class='ocrx_word' id='word_1_19' title='bbox 140 617 299 685; x_wconf 86' lang='lat' dir='ltr'>Hesiodia</span> <span class='ocrx_word' id='word_1_20' title='bbox 321 617 521 686; x_wconf 85' lang='lat' dir='ltr'>Orchomcni</span> <span class='ocrx_word' id='word_1_21' title='bbox 550 622 687 688; x_wconf 85' lang='lat' dir='ltr'>florenta</span> <span class='ocrx_word' id='word_1_22' title='bbox 710 627 984 713; x_wconf 69' lang='lat' dir='ltr'>quaerenda¹ert3</span> <span class='ocrx_word' id='word_1_23' title='bbox 1014 629 1071 694; x_wconf 87' lang='lat' dir='ltr'>sed</span> <span class='ocrx_word' id='word_1_24' title='bbox 1095 651 1191 710; x_wconf 87' lang='lat' dir='ltr'>quum</span> 
     </span>
     <span class='ocr_line' id='line_1_5' title="bbox 142 721 1193 805; baseline 0.011 -19"><span class='ocrx_word' id='word_1_25' title='bbox 142 721 201 792; x_wconf 80' lang='lat' dir='ltr'>illi.</span> <span class='ocrx_word' id='word_1_26' title='bbox 216 721 374 786; x_wconf 79' lang='lat' dir='ltr'>Ascraeos</span> <span class='ocrx_word' id='word_1_27' title='bbox 395 724 613 805; x_wconf 77' lang='lat' dir='ltr'><strong>recepissent,</strong></span> <span class='ocrx_word' id='word_1_28' title='bbox 642 727 741 790; x_wconf 88' lang='lat' dir='ltr'>etiam</span> <span class='ocrx_word' id='word_1_29' title='bbox 751 726 935 804; x_wconf 79' lang='lat' dir='ltr'>clarissimi</span> <span class='ocrx_word' id='word_1_30' title='bbox 955 727 1088 796; x_wconf 88' lang='lat' dir='ltr'>illorum</span> <span class='ocrx_word' id='word_1_31' title='bbox 1110 734 1193 798; x_wconf 84' lang='lat' dir='ltr'>ciuis</span> 
     </span>
     <span class='ocr_line' id='line_1_6' title="bbox 140 821 1237 914; baseline 0.009 -26"><span class='ocrx_word' id='word_1_32' title='bbox 140 823 291 905; x_wconf 77' lang='lat' dir='ltr'>reliquias</span> <span class='ocrx_word' id='word_1_33' title='bbox 314 821 354 885; x_wconf 91' lang='lat' dir='ltr'>ah</span> <span class='ocrx_word' id='word_1_34' title='bbox 376 826 418 888; x_wconf 87' lang='lat' dir='ltr'>iis</span> <span class='ocrx_word' id='word_1_35' title='bbox 435 829 609 906; x_wconf 83' lang='lat' dir='ltr'>requisitas</span> <span class='ocrx_word' id='word_1_36' title='bbox 630 847 702 891; x_wconf 89' lang='lat' dir='ltr'>esse</span> <span class='ocrx_word' id='word_1_37' title='bbox 725 841 978 897; x_wconf 84' lang='lat' dir='ltr'>consentaneum</span> <span class='ocrx_word' id='word_1_38' title='bbox 999 838 1068 906; x_wconf 78' lang='lat' dir='ltr'>eat3</span> <span class='ocrx_word' id='word_1_39' title='bbox 1091 853 1190 914; x_wconf 88' lang='lat' dir='ltr'>quaro</span> <span class='ocrx_word' id='word_1_40' title='bbox 1214 840 1237 912; x_wconf 54' lang='grc' dir='ltr'>ᾗ</span> 
     </span>
     <span class='ocr_line' id='line_1_7' title="bbox 136 921 1256 1010; baseline 0.012 -20"><span class='ocrx_word' id='word_1_41' title='bbox 136 923 259 1007; x_wconf 90' lang='lat' dir='ltr'>aliquid</span> <span class='ocrx_word' id='word_1_42' title='bbox 282 945 327 988; x_wconf 85' lang='lat' dir='ltr'>ex</span> <span class='ocrx_word' id='word_1_43' title='bbox 348 921 439 988; x_wconf 88' lang='lat' dir='ltr'>illius</span> <span class='ocrx_word' id='word_1_44' title='bbox 466 924 572 1010; x_wconf 89' lang='lat' dir='ltr'>gloria</span> <span class='ocrx_word' id='word_1_45' title='bbox 596 929 636 992; x_wconf 86' lang='lat' dir='ltr'>ad</span> <span class='ocrx_word' id='word_1_46' title='bbox 664 930 808 1010; x_wconf 86' lang='lat' dir='ltr'>ipsorum</span> <span class='ocrx_word' id='word_1_47' title='bbox 831 930 998 1000; x_wconf 81' lang='lat' dir='ltr'>ciuitatem</span> <span class='ocrx_word' id='word_1_48' title='bbox 1026 937 1187 1002; x_wconf 88' lang='lat' dir='ltr'>redunda-</span> <span class='ocrx_word' id='word_1_49' title='bbox 1244 973 1256 989; x_wconf 45' lang='lat' dir='ltr'>s</span> 
     </span>
     <span class='ocr_line' id='line_1_8' title="bbox 132 1025 1186 1124; baseline 0.01 -32"><span class='ocrx_word' id='word_1_50' title='bbox 132 1035 241 1092; x_wconf 90' lang='lat' dir='ltr'>turum</span> <span class='ocrx_word' id='word_1_51' title='bbox 255 1027 437 1090; x_wconf 80' lang='lat' dir='ltr'>uideretur.</span> <span class='ocrx_word' id='word_1_52' title='bbox 468 1025 554 1112; x_wconf 81' lang='lat' dir='ltr'>Illud</span> <span class='ocrx_word' id='word_1_53' title='bbox 576 1039 684 1095; x_wconf 88' lang='lat' dir='ltr'>autem</span> <span class='ocrx_word' id='word_1_54' title='bbox 707 1053 772 1096; x_wconf 91' lang='lat' dir='ltr'>non</span> <span class='ocrx_word' id='word_1_55' title='bbox 794 1037 955 1102; x_wconf 78' lang='lat' dir='ltr'>assentior</span> <span class='ocrx_word' id='word_1_56' title='bbox 972 1035 1186 1124; x_wconf 84' lang='lat' dir='ltr'>Goettlingio,</span> 
     </span>
    </p>
   </div>
   <div class='ocr_carea' id='block_1_4' title="bbox 131 1129 1342 1220">
    <p class='ocr_par' dir='ltr' id='par_1_4' title="bbox 131 1129 1342 1220">
     <span class='ocr_line' id='line_1_9' title="bbox 131 1129 1342 1220; baseline 0.009 -25"><span class='ocrx_word' id='word_1_57' title='bbox 131 1131 218 1213; x_wconf 89' lang='lat' dir='ltr'>quod</span> <span class='ocrx_word' id='word_1_58' title='bbox 245 1129 383 1194; x_wconf 78' lang='lat' dir='ltr'>Hesiodi</span> <span class='ocrx_word' id='word_1_59' title='bbox 410 1149 486 1194; x_wconf 87' lang='lat' dir='ltr'>ossa</span> <span class='ocrx_word' id='word_1_60' title='bbox 514 1135 643 1220; x_wconf 87' lang='lat' dir='ltr'>proprie</span> <span class='ocrx_word' id='word_1_61' title='bbox 673 1133 715 1196; x_wconf 95' lang='lat' dir='ltr'>ad</span> <span class='ocrx_word' id='word_1_62' title='bbox 738 1129 996 1219; x_wconf 77' lang='lat' dir='ltr'><strong>Orchomenum,</strong></span> <span class='ocrx_word' id='word_1_63' title='bbox 1026 1137 1184 1206; x_wconf 84' lang='lat' dir='ltr'>Boeotiae</span> <span class='ocrx_word' id='word_1_64' title='bbox 1285 1172 1298 1196; x_wconf 60' lang='grc' dir='ltr'><em>κ</em></span> <span class='ocrx_word' id='word_1_65' title='bbox 1336 1136 1342 1154; x_wconf 85' lang='grc'><em>’</em></span> 
     </span>
    </p>
   </div>
   <div class='ocr_carea' id='block_1_5' title="bbox 132 1232 1197 1420">
    <p class='ocr_par' dir='ltr' id='par_1_5' title="bbox 132 1232 1197 1420">
     <span class='ocr_line' id='line_1_10' title="bbox 132 1232 709 1316; baseline 0 -18"><span class='ocrx_word' id='word_1_66' title='bbox 132 1242 244 1316; x_wconf 90' lang='lat' dir='ltr'>caput,</span> <span class='ocrx_word' id='word_1_67' title='bbox 265 1235 462 1316; x_wconf 75' lang='lat' dir='ltr'>pertinuisse</span> <span class='ocrx_word' id='word_1_68' title='bbox 484 1232 564 1298; x_wconf 89' lang='lat' dir='ltr'>dicit</span> <span class='ocrx_word' id='word_1_69' title='bbox 582 1257 613 1316; x_wconf 90' lang='lat' dir='ltr'>p.</span> <span class='ocrx_word' id='word_1_70' title='bbox 633 1232 709 1300; x_wconf 86' lang='lat' dir='ltr'>Vll.</span> 
     </span>
     <span class='ocr_line' id='line_1_11' title="bbox 214 1331 1197 1420; baseline 0.012 -22"><span class='ocrx_word' id='word_1_71' title='bbox 214 1331 309 1399; x_wconf 89' lang='lat' dir='ltr'>Hanc</span> <span class='ocrx_word' id='word_1_72' title='bbox 330 1357 426 1417; x_wconf 86' lang='lat' dir='ltr'>quam</span> <span class='ocrx_word' id='word_1_73' title='bbox 448 1335 544 1398; x_wconf 91' lang='lat' dir='ltr'>modo</span> <span class='ocrx_word' id='word_1_74' title='bbox 567 1339 707 1417; x_wconf 78' lang='lat' dir='ltr'>exposui</span> <span class='ocrx_word' id='word_1_75' title='bbox 726 1340 942 1420; x_wconf 78' lang='lat' dir='ltr'>antiquiorem</span> <span class='ocrx_word' id='word_1_76' title='bbox 964 1342 1065 1408; x_wconf 77' lang='lat' dir='ltr'>luisse</span> <span class='ocrx_word' id='word_1_77' title='bbox 1087 1343 1197 1411; x_wconf 58' lang='lat' dir='ltr'>tabu:</span> 
     </span>
    </p>
   </div>
   <div class='ocr_carea' id='block_1_6' title="bbox 29 1435 1241 1518">
    <p class='ocr_par' dir='ltr' id='par_1_6' title="bbox 29 1435 1241 1518">
     <span class='ocr_line' id='line_1_12' title="bbox 29 1435 1241 1518; baseline 0.012 -19"><span class='ocrx_word' id='word_1_78' title='bbox 29 1499 34 1505; x_wconf 82' lang='grc'><strong>,</strong></span> <span class='ocrx_word' id='word_1_79' title='bbox 129 1437 195 1501; x_wconf 87' lang='lat' dir='ltr'>lum</span> <span class='ocrx_word' id='word_1_80' title='bbox 217 1437 324 1516; x_wconf 87' lang='lat' dir='ltr'>uideri</span> <span class='ocrx_word' id='word_1_81' title='bbox 352 1455 450 1514; x_wconf 85' lang='lat' dir='ltr'>supra</span> <span class='ocrx_word' id='word_1_82' title='bbox 479 1435 675 1518; x_wconf 85' lang='lat' dir='ltr'>significaui.</span> <span class='ocrx_word' id='word_1_83' title='bbox 714 1435 806 1512; x_wconf 81' lang='lat' dir='ltr'>Quae</span> <span class='ocrx_word' id='word_1_84' title='bbox 829 1449 899 1505; x_wconf 90' lang='lat' dir='ltr'>erat</span> <span class='ocrx_word' id='word_1_85' title='bbox 919 1442 1103 1510; x_wconf 85' lang='lat' dir='ltr'>abiicienda</span> <span class='ocrx_word' id='word_1_86' title='bbox 1123 1455 1181 1511; x_wconf 88' lang='lat' dir='ltr'>aut</span> <span class='ocrx_word' id='word_1_87' title='bbox 1236 1435 1241 1442; x_wconf 32' lang='lat'>⁸</span> 
     </span>
    </p>
   </div>
   <div class='ocr_carea' id='block_1_7' title="bbox 115 1534 1275 2741">
    <p class='ocr_par' dir='ltr' id='par_1_7' title="bbox 122 1534 1275 2333">
     <span class='ocr_line' id='line_1_13' title="bbox 127 1534 1180 1616; baseline 0.009 -14"><span class='ocrx_word' id='word_1_88' title='bbox 127 1535 330 1602; x_wconf 89' lang='lat' dir='ltr'>immutanda</span> <span class='ocrx_word' id='word_1_89' title='bbox 349 1534 588 1616; x_wconf 82' lang='lat' dir='ltr'>Locrensibus,</span> <span class='ocrx_word' id='word_1_90' title='bbox 619 1555 717 1616; x_wconf 88' lang='lat' dir='ltr'>quum</span> <span class='ocrx_word' id='word_1_91' title='bbox 737 1535 917 1603; x_wconf 83' lang='lat' dir='ltr'>Hesiodum</span> <span class='ocrx_word' id='word_1_92' title='bbox 945 1544 980 1603; x_wconf 88' lang='lat' dir='ltr'>in</span> <span class='ocrx_word' id='word_1_93' title='bbox 1008 1567 1068 1608; x_wconf 85' lang='lat' dir='ltr'>sua</span> <span class='ocrx_word' id='word_1_94' title='bbox 1091 1556 1180 1610; x_wconf 86' lang='lat' dir='ltr'>terra</span> 
     </span>
     <span class='ocr_line' id='line_1_14' title="bbox 124 1635 1178 1726; baseline 0.007 -23"><span class='ocrx_word' id='word_1_95' title='bbox 124 1643 292 1704; x_wconf 82' lang='lat' dir='ltr'>mortuum</span> <span class='ocrx_word' id='word_1_96' title='bbox 314 1635 539 1718; x_wconf 79' lang='lat' dir='ltr'>sepultumque</span> <span class='ocrx_word' id='word_1_97' title='bbox 567 1635 755 1700; x_wconf 78' lang='lat' dir='ltr'>finxissent.</span> <span class='ocrx_word' id='word_1_98' title='bbox 797 1636 884 1702; x_wconf 85' lang='lat' dir='ltr'>Hinc</span> <span class='ocrx_word' id='word_1_99' title='bbox 906 1650 1024 1706; x_wconf 86' lang='lat' dir='ltr'>exorta</span> <span class='ocrx_word' id='word_1_100' title='bbox 1045 1643 1104 1726; x_wconf 85' lang='lat' dir='ltr'>illa</span> <span class='ocrx_word' id='word_1_101' title='bbox 1128 1646 1178 1710; x_wconf 82' lang='lat' dir='ltr'>ia-</span> 
     </span>
     <span class='ocr_line' id='line_1_15' title="bbox 123 1738 1176 1819; baseline 0.006 -15"><span class='ocrx_word' id='word_1_102' title='bbox 123 1738 223 1818; x_wconf 91' lang='lat' dir='ltr'>hula,</span> <span class='ocrx_word' id='word_1_103' title='bbox 254 1740 344 1802; x_wconf 88' lang='lat' dir='ltr'>cuius</span> <span class='ocrx_word' id='word_1_104' title='bbox 368 1746 468 1804; x_wconf 88' lang='lat' dir='ltr'>testes</span> <span class='ocrx_word' id='word_1_105' title='bbox 493 1761 589 1819; x_wconf 87' lang='lat' dir='ltr'>supra</span> <span class='ocrx_word' id='word_1_106' title='bbox 611 1738 808 1802; x_wconf 76' lang='lat' dir='ltr'>Pausaniam</span> <span class='ocrx_word' id='word_1_107' title='bbox 830 1746 865 1803; x_wconf 89' lang='lat' dir='ltr'>et</span> <span class='ocrx_word' id='word_1_108' title='bbox 885 1739 1096 1808; x_wconf 80' lang='lat' dir='ltr'>Plutarchum</span> <span class='ocrx_word' id='word_1_109' title='bbox 1117 1746 1176 1810; x_wconf 88' lang='lat' dir='ltr'>ad-</span> 
     </span>
     <span class='ocr_line' id='line_1_16' title="bbox 123 1837 1177 1926; baseline 0.006 -20"><span class='ocrx_word' id='word_1_110' title='bbox 123 1843 218 1906; x_wconf 89' lang='lat' dir='ltr'>duxi.</span> <span class='ocrx_word' id='word_1_111' title='bbox 250 1838 335 1904; x_wconf 87' lang='lat' dir='ltr'>Nam</span> <span class='ocrx_word' id='word_1_112' title='bbox 358 1839 420 1904; x_wconf 93' lang='lat' dir='ltr'>hoc</span> <span class='ocrx_word' id='word_1_113' title='bbox 447 1843 482 1904; x_wconf 92' lang='lat' dir='ltr'>in</span> <span class='ocrx_word' id='word_1_114' title='bbox 508 1837 563 1904; x_wconf 87' lang='lat' dir='ltr'>his</span> <span class='ocrx_word' id='word_1_115' title='bbox 586 1839 683 1904; x_wconf 86' lang='lat' dir='ltr'>rebus</span> <span class='ocrx_word' id='word_1_116' title='bbox 709 1839 900 1905; x_wconf 84' lang='lat' dir='ltr'>ohsemasse</span> <span class='ocrx_word' id='word_1_117' title='bbox 930 1840 1047 1926; x_wconf 88' lang='lat' dir='ltr'>liceat,</span> <span class='ocrx_word' id='word_1_118' title='bbox 1078 1868 1177 1913; x_wconf 87' lang='lat' dir='ltr'>unam</span> 
     </span>
     <span class='ocr_line' id='line_1_17' title="bbox 123 1941 1175 2029; baseline 0.007 -22"><span class='ocrx_word' id='word_1_119' title='bbox 123 1941 267 2008; x_wconf 85' lang='lat' dir='ltr'>fabulam</span> <span class='ocrx_word' id='word_1_120' title='bbox 291 1945 419 2024; x_wconf 87' lang='lat' dir='ltr'>saepius</span> <span class='ocrx_word' id='word_1_121' title='bbox 441 1942 526 2006; x_wconf 87' lang='lat' dir='ltr'>alius</span> <span class='ocrx_word' id='word_1_122' title='bbox 548 1963 695 2006; x_wconf 76' lang='lat' dir='ltr'>cerussam</span> <span class='ocrx_word' id='word_1_123' title='bbox 717 1942 838 2024; x_wconf 73' lang='lat' dir='ltr'>fluisse,</span> <span class='ocrx_word' id='word_1_124' title='bbox 866 1944 913 2009; x_wconf 85' lang='lat' dir='ltr'>ita</span> <span class='ocrx_word' id='word_1_125' title='bbox 934 1952 973 2009; x_wconf 86' lang='lat' dir='ltr'>ut</span> <span class='ocrx_word' id='word_1_126' title='bbox 993 1951 1022 2012; x_wconf 85' lang='lat' dir='ltr'>ai</span> <span class='ocrx_word' id='word_1_127' title='bbox 1051 1951 1175 2029; x_wconf 81' lang='lat' dir='ltr'>primae</span> 
     </span>
     <span class='ocr_line' id='line_1_18' title="bbox 123 2045 1197 2130; baseline 0.007 -24"><span class='ocrx_word' id='word_1_128' title='bbox 123 2045 318 2107; x_wconf 83' lang='lat' dir='ltr'>narrationis</span> <span class='ocrx_word' id='word_1_129' title='bbox 344 2047 437 2129; x_wconf 93' lang='lat' dir='ltr'>origo</span> <span class='ocrx_word' id='word_1_130' title='bbox 466 2047 510 2108; x_wconf 86' lang='lat' dir='ltr'>sit</span> <span class='ocrx_word' id='word_1_131' title='bbox 537 2045 719 2124; x_wconf 77' lang='lat' dir='ltr'>patefacta,</span> <span class='ocrx_word' id='word_1_132' title='bbox 751 2065 817 2108; x_wconf 90' lang='lat' dir='ltr'>non</span> <span class='ocrx_word' id='word_1_133' title='bbox 838 2067 1032 2130; x_wconf 80' lang='lat' dir='ltr'>magnopere</span> <span class='ocrx_word' id='word_1_134' title='bbox 1054 2049 1095 2113; x_wconf 89' lang='lat' dir='ltr'>de</span> <span class='ocrx_word' id='word_1_135' title='bbox 1117 2069 1197 2113; x_wconf 82' lang='lat' dir='ltr'>ea··</span> 
     </span>
     <span class='ocr_line' id='line_1_19' title="bbox 122 2135 1275 2236; baseline 0.005 -27"><span class='ocrx_word' id='word_1_136' title='bbox 122 2163 194 2210; x_wconf 89' lang='lat' dir='ltr'>rum</span> <span class='ocrx_word' id='word_1_137' title='bbox 224 2143 407 2210; x_wconf 84' lang='lat' dir='ltr'>fabularum</span> <span class='ocrx_word' id='word_1_138' title='bbox 430 2148 553 2210; x_wconf 86' lang='lat' dir='ltr'>caussis</span> <span class='ocrx_word' id='word_1_139' title='bbox 582 2135 796 2211; x_wconf 87' lang='lat' dir='ltr'>laborandum</span> <span class='ocrx_word' id='word_1_140' title='bbox 825 2145 993 2230; x_wconf 80' lang='lat' dir='ltr'>uideatur,</span> <span class='ocrx_word' id='word_1_141' title='bbox 1007 2163 1106 2231; x_wconf 67' lang='lat' dir='ltr'>‘quae</span> <span class='ocrx_word' id='word_1_142' title='bbox 1126 2171 1174 2214; x_wconf 82' lang='lat' dir='ltr'>cx</span> <span class='ocrx_word' id='word_1_143' title='bbox 1272 2231 1275 2236; x_wconf 21' lang='grc' dir='ltr'>Ι</span> 
     </span>
     <span class='ocr_line' id='line_1_20' title="bbox 123 2237 1231 2333; baseline 0.004 -21"><span class='ocrx_word' id='word_1_144' title='bbox 123 2247 183 2312; x_wconf 86' lang='lat' dir='ltr'>illa</span> <span class='ocrx_word' id='word_1_145' title='bbox 206 2255 302 2312; x_wconf 85' lang='lat' dir='ltr'>natae</span> <span class='ocrx_word' id='word_1_146' title='bbox 331 2255 416 2313; x_wconf 85' lang='lat' dir='ltr'>sunt.</span> <span class='ocrx_word' id='word_1_147' title='bbox 460 2245 533 2312; x_wconf 93' lang='lat' dir='ltr'>Hoc</span> <span class='ocrx_word' id='word_1_148' title='bbox 554 2255 591 2314; x_wconf 89' lang='lat' dir='ltr'>ut</span> <span class='ocrx_word' id='word_1_149' title='bbox 611 2247 654 2311; x_wconf 92' lang='lat' dir='ltr'>ad</span> <span class='ocrx_word' id='word_1_150' title='bbox 676 2237 821 2311; x_wconf 86' lang='lat' dir='ltr'>nostram</span> <span class='ocrx_word' id='word_1_151' title='bbox 843 2253 1064 2333; x_wconf 82' lang='lat' dir='ltr'>quaestionem</span> <span class='ocrx_word' id='word_1_152' title='bbox 1084 2252 1172 2316; x_wconf 86' lang='lat' dir='ltr'>refe·</span> <span class='ocrx_word' id='word_1_153' title='bbox 1228 2248 1231 2254; x_wconf 81' lang='grc'><strong>’</strong></span> 
     </span>
    </p>

    <p class='ocr_par' dir='ltr' id='par_1_8' title="bbox 115 2347 1262 2741">
     <span class='ocr_line' id='line_1_21' title="bbox 118 2347 1169 2432; baseline 0.001 -16"><span class='ocrx_word' id='word_1_154' title='bbox 118 2373 210 2431; x_wconf 89' lang='lat' dir='ltr'>ram,</span> <span class='ocrx_word' id='word_1_155' title='bbox 238 2351 422 2432; x_wconf 86' lang='lat' dir='ltr'>aperuimus</span> <span class='ocrx_word' id='word_1_156' title='bbox 444 2361 591 2414; x_wconf 78' lang='lat' dir='ltr'>caussam</span> <span class='ocrx_word' id='word_1_157' title='bbox 613 2371 670 2412; x_wconf 90' lang='lat' dir='ltr'>cur</span> <span class='ocrx_word' id='word_1_158' title='bbox 689 2347 872 2412; x_wconf 83' lang='lat' dir='ltr'>Locrenses</span> <span class='ocrx_word' id='word_1_159' title='bbox 894 2355 1025 2417; x_wconf 90' lang='lat' dir='ltr'>omnino</span> <span class='ocrx_word' id='word_1_160' title='bbox 1049 2351 1169 2417; x_wconf 85' lang='lat' dir='ltr'>Hesio·</span> 
     </span>
     <span class='ocr_line' id='line_1_22' title="bbox 118 2448 1262 2539; baseline 0.002 -23"><span class='ocrx_word' id='word_1_161' title='bbox 118 2453 195 2516; x_wconf 88' lang='lat' dir='ltr'>dum</span> <span class='ocrx_word' id='word_1_162' title='bbox 216 2452 303 2533; x_wconf 91' lang='lat' dir='ltr'>apud</span> <span class='ocrx_word' id='word_1_163' title='bbox 324 2473 360 2514; x_wconf 89' lang='lat' dir='ltr'>se</span> <span class='ocrx_word' id='word_1_164' title='bbox 375 2457 539 2514; x_wconf 88' lang='lat' dir='ltr'>uersatum</span> <span class='ocrx_word' id='word_1_165' title='bbox 560 2448 734 2531; x_wconf 89' lang='lat' dir='ltr'>aliqnando</span> <span class='ocrx_word' id='word_1_166' title='bbox 748 2457 972 2539; x_wconf 86' lang='lat' dir='ltr'>mortuamque</span> <span class='ocrx_word' id='word_1_167' title='bbox 989 2452 1169 2529; x_wconf 79' lang='lat' dir='ltr'>dixissent3</span> <span class='ocrx_word' id='word_1_168' title='bbox 1259 2478 1262 2487; x_wconf 71' lang='grc'><em>’</em></span> 
     </span>
     <span class='ocr_line' id='line_1_23' title="bbox 117 2545 1168 2646; baseline 0 -28"><span class='ocrx_word' id='word_1_169' title='bbox 117 2576 201 2636; x_wconf 88' lang='lat' dir='ltr'>quae</span> <span class='ocrx_word' id='word_1_170' title='bbox 223 2569 337 2618; x_wconf 84' lang='lat' dir='ltr'>caussa</span> <span class='ocrx_word' id='word_1_171' title='bbox 366 2554 402 2616; x_wconf 91' lang='lat' dir='ltr'>in</span> <span class='ocrx_word' id='word_1_172' title='bbox 423 2551 538 2637; x_wconf 77' lang='lat' dir='ltr'>gentili</span> <span class='ocrx_word' id='word_1_173' title='bbox 560 2545 738 2622; x_wconf 80' lang='lat' dir='ltr'>Hesiodiae</span> <span class='ocrx_word' id='word_1_174' title='bbox 760 2550 906 2621; x_wconf 82' lang='lat' dir='ltr'>familiae</span> <span class='ocrx_word' id='word_1_175' title='bbox 926 2573 1001 2646; x_wconf 86' lang='lat' dir='ltr'>cum</span> <span class='ocrx_word' id='word_1_176' title='bbox 1022 2553 1168 2620; x_wconf 88' lang='lat' dir='ltr'>Locren·</span> 
     </span>
     <span class='ocr_line' id='line_1_24' title="bbox 115 2653 1170 2741; baseline 0.003 -24"><span class='ocrx_word' id='word_1_177' title='bbox 115 2655 207 2719; x_wconf 85' lang='lat' dir='ltr'>sibus</span> <span class='ocrx_word' id='word_1_178' title='bbox 235 2675 327 2726; x_wconf 85' lang='lat' dir='ltr'>nexu</span> <span class='ocrx_word' id='word_1_179' title='bbox 345 2657 462 2741; x_wconf 33' lang='lat' dir='ltr'>&#39;posita</span> <span class='ocrx_word' id='word_1_180' title='bbox 486 2655 669 2724; x_wconf 88' lang='lat' dir='ltr'>uidebatur.</span> <span class='ocrx_word' id='word_1_181' title='bbox 714 2653 926 2724; x_wconf 88' lang='lat' dir='ltr'>Orchomenii</span> <span class='ocrx_word' id='word_1_182' title='bbox 953 2662 1062 2720; x_wconf 88' lang='lat' dir='ltr'>autem</span> <span class='ocrx_word' id='word_1_183' title='bbox 1092 2676 1170 2720; x_wconf 86' lang='lat' dir='ltr'>ossa</span> 
     </span>
    </p>
   </div>
   <div class='ocr_carea' id='block_1_8' title="bbox 115 2755 1333 2872">
    <p class='ocr_par' dir='ltr' id='par_1_9' title="bbox 115 2755 1333 2872">
     <span class='ocr_line' id='line_1_25' title="bbox 115 2755 1333 2872; baseline 0.004 -52"><span class='ocrx_word' id='word_1_184' title='bbox 115 2755 255 2822; x_wconf 82' lang='lat' dir='ltr'>Hesiodi</span> <span class='ocrx_word' id='word_1_185' title='bbox 284 2755 345 2839; x_wconf 90' lang='lat' dir='ltr'>(ah</span> <span class='ocrx_word' id='word_1_186' title='bbox 367 2755 520 2832; x_wconf 80' lang='lat' dir='ltr'>Ascraeis</span> <span class='ocrx_word' id='word_1_187' title='bbox 548 2756 701 2840; x_wconf 87' lang='lat' dir='ltr'>accepta)</span> <span class='ocrx_word' id='word_1_188' title='bbox 732 2755 906 2828; x_wconf 88' lang='lat' dir='ltr'>habehant.</span> <span class='ocrx_word' id='word_1_189' title='bbox 948 2755 1021 2820; x_wconf 86' lang='lat' dir='ltr'>Hae</span> <span class='ocrx_word' id='word_1_190' title='bbox 1048 2779 1104 2825; x_wconf 85' lang='lat' dir='ltr'>ras</span> <span class='ocrx_word' id='word_1_191' title='bbox 1131 2763 1170 2822; x_wconf 88' lang='lat' dir='ltr'>ut</span> <span class='ocrx_word' id='word_1_192' title='bbox 1261 2825 1268 2839; x_wconf 66' lang='grc'><strong><em>,</em></strong></span> <span class='ocrx_word' id='word_1_193' title='bbox 1298 2767 1333 2872; x_wconf 39' lang='lat'>⁸·</span> 
     </span>
    </p>
   </div>
   <div class='ocr_carea' id='block_1_9' title="bbox 116 2856 1167 2945">
    <p class='ocr_par' dir='ltr' id='par_1_10' title="bbox 116 2856 1167 2945">
     <span class='ocr_line' id='line_1_26' title="bbox 116 2856 1167 2945; baseline 0.004 -24"><span class='ocrx_word' id='word_1_194' title='bbox 116 2861 389 2943; x_wconf 90' lang='lat' dir='ltr'>coniungerentur</span> <span class='ocrx_word' id='word_1_195' title='bbox 411 2880 491 2940; x_wconf 88' lang='lat' dir='ltr'>opus</span> <span class='ocrx_word' id='word_1_196' title='bbox 513 2866 583 2922; x_wconf 86' lang='lat' dir='ltr'>erat</span> <span class='ocrx_word' id='word_1_197' title='bbox 607 2857 717 2940; x_wconf 88' lang='lat' dir='ltr'>aliqua</span> <span class='ocrx_word' id='word_1_198' title='bbox 730 2856 866 2945; x_wconf 69' lang='lat' dir='ltr'>tabula,</span> <span class='ocrx_word' id='word_1_199' title='bbox 893 2880 956 2940; x_wconf 88' lang='lat' dir='ltr'>qua</span> <span class='ocrx_word' id='word_1_200' title='bbox 974 2866 1092 2940; x_wconf 87' lang='lat' dir='ltr'>poetae</span> <span class='ocrx_word' id='word_1_201' title='bbox 1113 2881 1167 2924; x_wconf 90' lang='lat' dir='ltr'>re·</span> 
     </span>
    </p>
   </div>
   <div class='ocr_carea' id='block_1_10' title="bbox 74 2946 1167 3251">
    <p class='ocr_par' dir='ltr' id='par_1_11' title="bbox 74 2946 1167 3251">
     <span class='ocr_line' id='line_1_27' title="bbox 117 2946 1166 3058; baseline 0.003 -36"><span class='ocrx_word' id='word_1_202' title='bbox 117 2946 241 3040; x_wconf 81' lang='lat' dir='ltr'>liqulae</span> <span class='ocrx_word' id='word_1_203' title='bbox 276 2985 294 3024; x_wconf 94' lang='lat' dir='ltr'>e</span> <span class='ocrx_word' id='word_1_204' title='bbox 329 2960 469 3030; x_wconf 90' lang='lat' dir='ltr'>Locride</span> <span class='ocrx_word' id='word_1_205' title='bbox 504 2959 746 3058; x_wconf 86' lang='lat' dir='ltr'>Orchomenum</span> <span class='ocrx_word' id='word_1_206' title='bbox 782 2959 940 3033; x_wconf 86' lang='lat' dir='ltr'>translata</span> <span class='ocrx_word' id='word_1_207' title='bbox 971 2961 1166 3041; x_wconf 83' lang='lat' dir='ltr'>dicerentur.</span> 
     </span>
     <span class='ocr_line' id='line_1_28' title="bbox 74 3061 1166 3160; baseline 0.002 -34"><span class='ocrx_word' id='word_1_208' title='bbox 74 3085 81 3094; x_wconf 90' lang='lat'><strong>·</strong></span> <span class='ocrx_word' id='word_1_209' title='bbox 116 3063 184 3126; x_wconf 82' lang='lat' dir='ltr'>Sed</span> <span class='ocrx_word' id='word_1_210' title='bbox 208 3085 303 3145; x_wconf 90' lang='lat' dir='ltr'>quum</span> <span class='ocrx_word' id='word_1_211' title='bbox 326 3066 424 3128; x_wconf 87' lang='lat' dir='ltr'>etiarn</span> <span class='ocrx_word' id='word_1_212' title='bbox 446 3061 628 3160; x_wconf 84' lang='lat' dir='ltr'>Locrenses</span> <span class='ocrx_word' id='word_1_213' title='bbox 648 3061 787 3126; x_wconf 90' lang='lat' dir='ltr'>Hesiodi</span> <span class='ocrx_word' id='word_1_214' title='bbox 815 3062 997 3148; x_wconf 88' lang='lat' dir='ltr'>sepulcrum</span> <span class='ocrx_word' id='word_1_215' title='bbox 1021 3070 1166 3129; x_wconf 84' lang='lat' dir='ltr'>ostenta-</span> 
     </span>
     <span class='ocr_line' id='line_1_29' title="bbox 116 3162 1167 3251; baseline 0 -24"><span class='ocrx_word' id='word_1_216' title='bbox 116 3171 201 3251; x_wconf 84' lang='lat' dir='ltr'>rent,</span> <span class='ocrx_word' id='word_1_217' title='bbox 223 3185 327 3245; x_wconf 86' lang='lat' dir='ltr'>neque</span> <span class='ocrx_word' id='word_1_218' title='bbox 344 3164 572 3236; x_wconf 87' lang='lat' dir='ltr'>Orchomeniis</span> <span class='ocrx_word' id='word_1_219' title='bbox 593 3162 685 3228; x_wconf 89' lang='lat' dir='ltr'>illam</span> <span class='ocrx_word' id='word_1_220' title='bbox 707 3163 844 3248; x_wconf 79' lang='lat' dir='ltr'>gloriam</span> <span class='ocrx_word' id='word_1_221' title='bbox 862 3165 1087 3247; x_wconf 85' lang='lat' dir='ltr'>concederent,</span> <span class='ocrx_word' id='word_1_222' title='bbox 1102 3163 1167 3228; x_wconf 92' lang='lat' dir='ltr'>duo</span> 
     </span>
    </p>
   </div>
   <div class='ocr_carea' id='block_1_11' title="bbox 54 3262 1262 4168">
    <p class='ocr_par' dir='ltr' id='par_1_12' title="bbox 54 3262 1262 4168">
     <span class='ocr_line' id='line_1_30' title="bbox 114 3262 1236 3348; baseline -0.002 -19"><span class='ocrx_word' id='word_1_223' title='bbox 114 3265 265 3348; x_wconf 88' lang='lat' dir='ltr'>sepulcra</span> <span class='ocrx_word' id='word_1_224' title='bbox 286 3267 481 3336; x_wconf 87' lang='lat' dir='ltr'>ferebantur.</span> <span class='ocrx_word' id='word_1_225' title='bbox 512 3262 583 3330; x_wconf 86' lang='lat' dir='ltr'>[lac</span> <span class='ocrx_word' id='word_1_226' title='bbox 607 3288 642 3330; x_wconf 94' lang='lat' dir='ltr'>re</span> <span class='ocrx_word' id='word_1_227' title='bbox 663 3269 730 3329; x_wconf 87' lang='lat' dir='ltr'>ianr</span> <span class='ocrx_word' id='word_1_228' title='bbox 749 3266 798 3328; x_wconf 88' lang='lat' dir='ltr'>uti</span> <span class='ocrx_word' id='word_1_229' title='bbox 819 3287 989 3348; x_wconf 86' lang='lat' dir='ltr'>possumus</span> <span class='ocrx_word' id='word_1_230' title='bbox 1010 3266 1051 3332; x_wconf 86' lang='lat' dir='ltr'>ad</span> <span class='ocrx_word' id='word_1_231' title='bbox 1066 3265 1166 3328; x_wconf 87' lang='lat' dir='ltr'>alia&#39;m</span> <span class='ocrx_word' id='word_1_232' title='bbox 1233 3328 1236 3334; x_wconf 79' lang='grc'><strong>,</strong></span> 
     </span>
     <span class='ocr_line' id='line_1_31' title="bbox 112 3366 1167 3453; baseline -0.005 -20"><span class='ocrx_word' id='word_1_233' title='bbox 112 3391 183 3433; x_wconf 88' lang='lat' dir='ltr'>rem</span> <span class='ocrx_word' id='word_1_234' title='bbox 219 3367 467 3449; x_wconf 85' lang='lat' dir='ltr'>explicandam,</span> <span class='ocrx_word' id='word_1_235' title='bbox 502 3389 596 3450; x_wconf 87' lang='lat' dir='ltr'>quam</span> <span class='ocrx_word' id='word_1_236' title='bbox 626 3367 844 3453; x_wconf 81' lang='lat' dir='ltr'>Goettlingius</span> <span class='ocrx_word' id='word_1_237' title='bbox 879 3391 912 3450; x_wconf 86' lang='lat' dir='ltr'>p.</span> <span class='ocrx_word' id='word_1_238' title='bbox 939 3367 1015 3438; x_wconf 79' lang='lat' dir='ltr'>vll.</span> <span class='ocrx_word' id='word_1_239' title='bbox 1046 3366 1167 3432; x_wconf 85' lang='lat' dir='ltr'>fahulia</span> 
     </span>
     <span class='ocr_line' id='line_1_32' title="bbox 113 3465 1165 3552; baseline -0.004 -20"><span class='ocrx_word' id='word_1_240' title='bbox 113 3477 295 3552; x_wconf 86' lang='lat' dir='ltr'>„nontam</span> <span class='ocrx_word' id='word_1_241' title='bbox 320 3469 360 3530; x_wconf 93' lang='lat' dir='ltr'>de</span> <span class='ocrx_word' id='word_1_242' title='bbox 382 3468 540 3549; x_wconf 87' lang='lat' dir='ltr'>Hesiodo,</span> <span class='ocrx_word' id='word_1_243' title='bbox 563 3491 657 3548; x_wconf 83' lang='lat' dir='ltr'>quom</span> <span class='ocrx_word' id='word_1_244' title='bbox 681 3471 722 3533; x_wconf 92' lang='lat' dir='ltr'>de</span> <span class='ocrx_word' id='word_1_245' title='bbox 745 3473 819 3536; x_wconf 81' lang='lat' dir='ltr'>eiua</span> <span class='ocrx_word' id='word_1_246' title='bbox 837 3469 963 3536; x_wconf 83' lang='lat' dir='ltr'>familia</span> <span class='ocrx_word' id='word_1_247' title='bbox 986 3468 1020 3531; x_wconf 86' lang='lat' dir='ltr'>et</span> <span class='ocrx_word' id='word_1_248' title='bbox 1040 3465 1165 3547; x_wconf 88' lang='lat' dir='ltr'>schola,</span> 
     </span>
     <span class='ocr_line' id='line_1_33' title="bbox 112 3569 1162 3656; baseline -0.005 -20"><span class='ocrx_word' id='word_1_249' title='bbox 112 3576 207 3642; x_wconf 85' lang='lat' dir='ltr'>cuius</span> <span class='ocrx_word' id='word_1_250' title='bbox 225 3570 283 3643; x_wconf 85' lang='lat' dir='ltr'>ille</span> <span class='ocrx_word' id='word_1_251' title='bbox 299 3572 361 3635; x_wconf 80' lang='lat' dir='ltr'>tuit</span> <span class='ocrx_word' id='word_1_252' title='bbox 376 3573 535 3650; x_wconf 75' lang='lat' dir='ltr'>princepe,</span> <span class='ocrx_word' id='word_1_253' title='bbox 557 3569 803 3654; x_wconf 83' lang='lat' dir='ltr'>intelligendis“</span> <span class='ocrx_word' id='word_1_254' title='bbox 825 3569 1067 3638; x_wconf 89' lang='lat' dir='ltr'>adnumerauit;</span> <span class='ocrx_word' id='word_1_255' title='bbox 1085 3589 1162 3656; x_wconf 85' lang='lat' dir='ltr'>pro-</span> 
     </span>
     <span class='ocr_line' id='line_1_34' title="bbox 110 3667 1262 3759; baseline -0.003 -21"><span class='ocrx_word' id='word_1_256' title='bbox 110 3673 261 3742; x_wconf 89' lang='lat' dir='ltr'>uerbium</span> <span class='ocrx_word' id='word_1_257' title='bbox 284 3673 357 3736; x_wconf 90' lang='lat' dir='ltr'>dico</span> <span class='ocrx_word' id='word_1_258' title='bbox 380 3673 420 3736; x_wconf 90' lang='lat' dir='ltr'>de</span> <span class='ocrx_word' id='word_1_259' title='bbox 441 3669 599 3734; x_wconf 86' lang='lat' dir='ltr'>Hesiodio</span> <span class='ocrx_word' id='word_1_260' title='bbox 621 3679 786 3739; x_wconf 86' lang='lat' dir='ltr'>senectute</span> <span class='ocrx_word' id='word_1_261' title='bbox 808 3681 841 3737; x_wconf 89' lang='lat' dir='ltr'>et</span> <span class='ocrx_word' id='word_1_262' title='bbox 857 3671 1065 3754; x_wconf 79' lang='lat' dir='ltr'>Epigramma</span> <span class='ocrx_word' id='word_1_263' title='bbox 1084 3667 1163 3736; x_wconf 84' lang='lat' dir='ltr'>Pin-</span> <span class='ocrx_word' id='word_1_264' title='bbox 1258 3747 1262 3759; x_wconf 31' lang='grc'>1</span> 
     </span>
     <span class='ocr_line' id='line_1_35' title="bbox 113 3767 1163 3858; baseline -0.005 -16"><span class='ocrx_word' id='word_1_265' title='bbox 113 3777 194 3842; x_wconf 84' lang='lat' dir='ltr'>doro</span> <span class='ocrx_word' id='word_1_266' title='bbox 218 3777 431 3856; x_wconf 87' lang='lat' dir='ltr'>adscriptum,</span> <span class='ocrx_word' id='word_1_267' title='bbox 454 3772 539 3856; x_wconf 92' lang='lat' dir='ltr'>quod</span> <span class='ocrx_word' id='word_1_268' title='bbox 562 3791 658 3851; x_wconf 86' lang='lat' dir='ltr'>supra</span> <span class='ocrx_word' id='word_1_269' title='bbox 680 3775 697 3854; x_wconf 88' lang='lat'>§</span> <span class='ocrx_word' id='word_1_270' title='bbox 719 3782 750 3835; x_wconf 83' lang='lat'>4.</span> <span class='ocrx_word' id='word_1_271' title='bbox 774 3773 830 3838; x_wconf 87' lang='lat' dir='ltr'>lin.</span> <span class='ocrx_word' id='word_1_272' title='bbox 855 3775 959 3858; x_wconf 86' lang='lat' dir='ltr'>posui.</span> <span class='ocrx_word' id='word_1_273' title='bbox 992 3767 1057 3835; x_wconf 89' lang='lat' dir='ltr'>Ubi</span> <span class='ocrx_word' id='word_1_274' title='bbox 1081 3793 1163 3854; x_wconf 87' lang='lat' dir='ltr'>quae</span> 
     </span>
     <span class='ocr_line' id='line_1_36' title="bbox 112 3871 1162 3958; baseline -0.004 -16"><span class='ocrx_word' id='word_1_275' title='bbox 112 3877 216 3942; x_wconf 88' lang='lat' dir='ltr'>ucrha</span> <span class='ocrx_word' id='word_1_276' title='bbox 238 3877 333 3942; x_wconf 88' lang='lat' dir='ltr'>attuli</span> <span class='ocrx_word' id='word_1_277' title='bbox 356 3899 374 3940; x_wconf 90' lang='lat' dir='ltr'>e</span> <span class='ocrx_word' id='word_1_278' title='bbox 394 3875 492 3942; x_wconf 78' lang='lat' dir='ltr'>Pron.</span> <span class='ocrx_word' id='word_1_279' title='bbox 514 3873 593 3941; x_wconf 81' lang='lat' dir='ltr'>vac</span> <span class='ocrx_word' id='word_1_280' title='bbox 613 3872 673 3958; x_wconf 87' lang='lat' dir='ltr'>lv,</span> <span class='ocrx_word' id='word_1_281' title='bbox 696 3883 731 3958; x_wconf 81' lang='lat'>3,</span> <span class='ocrx_word' id='word_1_282' title='bbox 750 3897 789 3939; x_wconf 91' lang='lat' dir='ltr'>ea</span> <span class='ocrx_word' id='word_1_283' title='bbox 811 3877 916 3958; x_wconf 86' lang='lat' dir='ltr'>ipsum</span> <span class='ocrx_word' id='word_1_284' title='bbox 937 3871 1067 3938; x_wconf 87' lang='lat' dir='ltr'>lahulae</span> <span class='ocrx_word' id='word_1_285' title='bbox 1088 3874 1162 3938; x_wconf 85' lang='lat' dir='ltr'>lon·</span> 
     </span>
     <span class='ocr_line' id='line_1_37' title="bbox 114 3971 1162 4060; baseline -0.005 -17"><span class='ocrx_word' id='word_1_286' title='bbox 114 3989 182 4043; x_wconf 89' lang='lat' dir='ltr'>tem</span> <span class='ocrx_word' id='word_1_287' title='bbox 200 3971 326 4060; x_wconf 87' lang='lat' dir='ltr'>aperire</span> <span class='ocrx_word' id='word_1_288' title='bbox 348 3979 510 4059; x_wconf 86' lang='lat' dir='ltr'>uidentur,</span> <span class='ocrx_word' id='word_1_289' title='bbox 533 3982 562 4042; x_wconf 92' lang='lat' dir='ltr'>si</span> <span class='ocrx_word' id='word_1_290' title='bbox 576 3979 705 4060; x_wconf 89' lang='lat' dir='ltr'>quidem</span> <span class='ocrx_word' id='word_1_291' title='bbox 726 3975 919 4048; x_wconf 87' lang='lat' dir='ltr'>uocabulum</span> <span class='ocrx_word' id='word_1_292' title='bbox 942 3977 992 4040; x_wconf 75' lang='grc' dir='ltr'>καὶ</span> <span class='ocrx_word' id='word_1_293' title='bbox 1014 3982 1073 4057; x_wconf 90' lang='lat' dir='ltr'>„et</span> <span class='ocrx_word' id='word_1_294' title='bbox 1091 3978 1162 4039; x_wconf 88' lang='lat' dir='ltr'>sic“</span> 
     </span>
     <span class='ocr_line' id='line_1_38' title="bbox 54 4070 1163 4168; baseline -0.005 -22"><span class='ocrx_word' id='word_1_295' title='bbox 54 4070 59 4079; x_wconf 68' lang='grc'><strong>’</strong></span> <span class='ocrx_word' id='word_1_296' title='bbox 114 4079 171 4146; x_wconf 89' lang='lat' dir='ltr'>uel</span> <span class='ocrx_word' id='word_1_297' title='bbox 193 4088 252 4166; x_wconf 90' lang='lat' dir='ltr'>„et</span> <span class='ocrx_word' id='word_1_298' title='bbox 268 4083 462 4166; x_wconf 88' lang='lat' dir='ltr'>propterca“</span> <span class='ocrx_word' id='word_1_299' title='bbox 486 4082 693 4168; x_wconf 85' lang='lat' dir='ltr'>interpretari</span> <span class='ocrx_word' id='word_1_300' title='bbox 714 4079 803 4147; x_wconf 82' lang='lat' dir='ltr'>licet.</span> <span class='ocrx_word' id='word_1_301' title='bbox 833 4078 1044 4146; x_wconf 83' lang='lat' dir='ltr'>Prouerhium</span> <span class='ocrx_word' id='word_1_302' title='bbox 1065 4079 1163 4162; x_wconf 86' lang='lat' dir='ltr'>igitur</span> 
     </span>
    </p>
   </div>
   <div class='ocr_carea' id='block_1_12' title="bbox 0 0 1426 4834">
    <p class='ocr_par' dir='ltr' id='par_1_13' title="bbox 0 0 1426 4834">
     <span class='ocr_line' id='line_1_39' title="bbox 0 0 1426 4834; baseline 0 8"><span class='ocrx_word' id='word_1_303' title='bbox 0 0 1426 4834; x_wconf 95' lang='lat' dir='ltr'> </span> 
     </span>
    </p>
   </div>
  </div>
 </body>
</html>
