2842 4834
236 351 278 414 λλ
318 277 346 344 ¹,
568 339 623 406 Dr
645 339 757 406 sedula
779 339 954 410 Hesiodiu.
1019 414 1024 426 ,
1073 403 1078 417 ,

238 515 415 598 Κύμην-
442 508 502 594 τὴν
528 515 585 578 νύν
609 512 789 596 Φρικυνύύα
806 511 839 596 ·)
860 508 1062 594 καλουμένην.
1097 509 1294 578 Eustathius

238 617 281 682 ud
301 615 340 682 Il.
362 612 401 680 B·
433 635 464 694 p·
488 618 569 695 357,
591 619 643 681 37.
668 612 707 678 R.
744 614 795 679 καλ
822 610 1037 691 κατασκευάζει
1065 607 1083 677 ό
1112 611 1297 702 γεὶογρύφος

241 718 388 806 (Suebo)
415 714 451 782 τὸ
474 713 558 781 otuu
579 716 659 780 τισὶν
684 711 872 802 ύποληφθέν
900 715 995 800 λέγων
1016 715 1066 784 καὶ
1089 713 1138 780 ὅτι
1159 716 1251 792 πόλις
1271 711 1295 800 ἦ

241 817 335 904 Κύμη
358 815 510 904 ἐπιφανής
535 821 628 894 ποτἐ,
650 804 806 882 Ἠσιόδου
827 819 956 903 πατρίς,
987 808 1026 900 ἧς
1046 816 1075 881 ui
1098 821 1221 882 πολῖται
1244 819 1298 882 ἐπὶ

241 923 347 1012 μωρίη
376 919 599 1006 ἓκωμῳύούντο
630 921 681 984 καὶ
711 913 759 985 ότι
782 921 939 1000 ’Φρικωνύς
967 916 986 1000 ἡ
1017 913 1145 1001 τοιαύτη
1173 919 1296 1002 ἐκλήθη

241 1023 403 1110 Λάρισσα.
431 1020 482 1085 Ab
502 1021 616 1086 horum
638 1023 830 1102 scriptorum
853 1023 1046 1086 auctoritate
1069 1021 1195 1089 recedit
1210 1023 1293 1088 ,ste-

242 1111 342 1208 phani
369 1123 521 1207 Byzantii
550 1149 582 1188 u.
605 1121 700 1206 Κύμη
731 1123 927 1203 disputatio,
955 1126 1011 1205 qui
1040 1121 1196 1205 Cannam,
1224 1123 1296 1188 ll'e-

113 1274 116 1285 .
244 1228 330 1292 siudi
350 1226 507 1308 patriam,
529 1227 570 1294 ab
592 1249 650 1307 ea,
673 1241 756 1306 quae
778 1224 949 1289 Phriconis
971 1227 1155 1305 dicebatur,
1178 1224 1298 1289 distin·

113 1395 119 1409 p
244 1331 331 1414 guit:
360 1325 472 1409 Κύμη,
496 1325 585 1402 πόλις
605 1329 757 1403 Αἰολίδος
777 1325 838 1408 πρὸ
858 1335 915 1411 τῆς
934 1329 1083 1409 Λέσβου,
1105 1324 1167 1390 ἀπὸ
1185 1326 1302 1411 Κύμης

113 1462 118 1480 ¹
238 1427 419 1512 Ἀμαζόνος.
460 1427 595 1494 ἐκαλεῖτο
626 1430 661 1494 dd
687 1428 877 1511 Ἀμαζόνων.
915 1427 952 1496 τὸ
985 1427 1112 1494 ἐθνικόν
1140 1431 1296 1510 Κυμαῖος.

245 1531 388 1596 ἕντεύθεν
421 1519 459 1612 ἦν
482 1528 621 1615 Ἔφορος
653 1527 669 1595 ὃ
704 1529 860 1615 ἱστορικός
897 1533 947 1596 καλ
973 1527 1123 1606 Ἡσίοδος
1149 1533 1300 1612 Κυμαῖοι.

246 1631 309 1698 ἴστε
341 1631 376 1695 δὲ
407 1632 457 1694 καὶ
490 1629 580 1718 ἑτέρα
610 1637 795 1718 Φρικωνῖτις
828 1633 985 1716 λεγομένη.
1022 1631 1101 1714 αύτη
1133 1633 1169 1698 dd
1199 1635 1250 1698 καὶ
1278 1629 1300 1716 ip
1413 1704 1414 1721 η

245 1733 375 1816 Λέσβος
395 1731 566 1798 σκώπτεται
587 1736 631 1809 εἰς
649 1733 870 1818 ἀναισθησίαν.
898 1733 962 1798 ἔστι
985 1733 1020 1798 δὲ
1040 1735 1090 1797 καὶ
1113 1730 1201 1818 ἑτέρα
1216 1733 1301 1802 Ἰτα-
1413 1790 1414 1821 η

247 1839 323 1912 λόας.
353 1833 468 1918 ταύτης
488 1835 524 1900 τὸ
549 1833 674 1899 lusoir
695 1835 833 1918 Κυμεύς.
857 1834 989 1918 τετάρτη
1011 1843 1069 1918 τῆς
1086 1833 1212 1912 Ἠλείας
1232 1841 1301 1904 κτλ.

242 1938 334 2002 Hinc
364 1936 568 2001 subnascitur
597 1939 757 2018 suspicio,
794 1933 933 2000 Hesiodi
960 1935 1119 2002 familiam
1149 1961 1227 2003 uere
1258 1939 1301 2002 ad

247 2041 461 2105 Locrensium
483 2047 611 2123 gentem
634 2042 846 2120 pertinuisse,
876 2061 974 2120 quae,
1004 2059 1100 2132 quum
1122 2048 1235 2120 postea
1256 2042 1299 2104 ad

159 2174 162 2186 ·
247 2141 390 2207 Boeotos
413 2142 483 2204 aius
507 2143 647 2204 numinis
674 2140 781 2226 gloria
809 2139 967 2205 translata
989 2149 1094 2223 esset,
1126 2145 1196 2206 iure
1225 2165 1300 2206 eum

248 2253 403 2327 tauquam
423 2263 515 2309 suum
538 2246 642 2308 ciuem
663 2253 812 2325 repetere
834 2251 971 2324 poterat.
1016 2243 1127 2325 ltaque
1150 2265 1191 2308 ne
1212 2245 1301 2325 apud

244 2345 512 2425 ,solusAscraeus
532 2349 617 2412 tenti
639 2349 780 2411 nominis
804 2346 997 2412 documenta
1012 2353 1192 2429 exstarent,
1215 2347 1304 2427 apud
1413 2354 1414 2357 ’

249 2441 285 2514 se
307 2457 468 2515 mortuum
497 2449 590 2514 illum
613 2469 685 2514 esse
706 2458 803 2530 atque
824 2447 986 2532 sepultum
1009 2445 1187 2512 tinxerunt.
1233 2448 1303 2514 Sed

249 2553 385 2625 Musaei
407 2572 532 2635 quoque
558 2549 743 2632 sepulturae
763 2550 941 2615 Hesiodiae
964 2549 1121 2614 honorem
1143 2550 1207 2614 sihi
1226 2553 1302 2614 uin-

250 2657 376 2723 dicasse
398 2656 560 2720 uidentur.
593 2651 690 2718 Certe
712 2650 925 2716 Orchomenii
946 2660 1117 2734 propterea
1139 2651 1225 2734 quod
1247 2673 1302 2716 re·

250 2757 369 2840 liquias
390 2755 624 2837 Ascraeumm,
653 2751 948 2835 a'l'hespieusium
977 2753 1076 2816 caede
1104 2752 1302 2835 elapsurum,

167 2875 171 2884 '
250 2863 285 2924 iu
307 2879 399 2924 suem
426 2859 540 2924 urbem
568 2859 784 2938 recepissent,
814 2859 913 2922 etiam
934 2853 1072 2919 Hesiodi
1099 2878 1175 2922 ossa
1201 2857 1244 2920 sd
1266 2878 1304 2921 se

250 2961 426 3027 transferre
448 2959 489 3025 ah
511 2958 666 3040 Apolline
688 2961 771 3024 iussi
791 2967 875 3024 suut.
907 2957 958 3024 Ita
978 2961 1101 3024 factum
1122 2966 1183 3040 est,
1205 2965 1243 3022 ut
1266 2957 1304 3023 hi

251 3083 377 3146 quoque
399 3059 538 3126 Hesiodi
569 3059 751 3142 sepulcrum
776 3053 986 3127 ostentarent.
1029 3056 1166 3143 Duplex
1190 3066 1302 3125 satem
1410 3072 1412 3099 λ

251 3163 362 3230 sabula
384 3163 424 3229 de
447 3160 675 3228 Orchomeniis
697 3162 836 3228 Hesiodi
858 3185 933 3229 ossa
955 3165 996 3228 ad
1019 3185 1055 3228 se
1076 3169 1302 3244 transportan-

249 3265 337 3332 tihus
359 3263 570 3330 discernenda
585 3272 645 3329 est.
673 3265 849 3347 Antiquior
870 3289 910 3332 ea
930 3265 1060 3330 uidetur
1081 3265 1183 3330 iusisse
1204 3285 1303 3345 quam
1411 3338 1412 3345 η

250 3366 445 3434 Aristoteles
474 3366 507 3432 lv
534 3371 574 3453 τῇ
602 3364 809 3453 Ὀρχομενίαν
837 3368 974 3458 πολιτείᾳ
1004 3366 1091 3448 apud
1119 3364 1227 3430 Procl.
1259 3365 1304 3430 ad

249 3468 314 3552 Op.
336 3475 410 3538 631.
438 3469 626 3535 tradiderat.
669 3467 757 3542 Huic
787 3473 873 3534 euim
901 3469 974 3552 plus
1005 3469 1209 3532 auctoritatis
1240 3469 1303 3530 tri·

248 3567 410 3638 buendam
426 3592 511 3654 esse,
533 3571 588 3636 ael
611 3592 656 3636 ex
678 3589 719 3636 eu
736 3579 881 3653 apparet,
906 3573 992 3654 quod
1007 3593 1089 3653 quse
1104 3568 1303 3635 Aristoteles

248 3673 445 3757 tradiderat,
481 3674 524 3740 sd
552 3673 709 3740 historiae
738 3671 838 3738 fldem
868 3682 962 3739 erant
989 3679 1130 3737 narrata.
1176 3669 1304 3738 Caussa

186 3856 188 3860 ι
249 3793 347 3854 uero,
380 3793 437 3842 cur
465 3776 677 3844 Orchomenii
706 3773 844 3842 Ascraei
873 3785 990 3858 poetae
1027 3795 1105 3840 ussa
1136 3775 1173 3840 iu
1207 3795 1301 3840 suam

158 4071 162 4080 Ι
316 4008 345 4079 s)
364 4007 404 4064 lta
422 4007 507 4066 Godd.
531 4021 558 4067 st
576 4013 643 4069 Edi.
669 4015 732 4068 aas.
759 4011 894 4093 eth-ins.
916 4039 952 4050 -
985 3997 1143 4084 φηααύτιδα
1164 4009 1299 4075 Heinsius,

245 4101 275 4148 ut
292 4095 318 4149 iu
335 4095 397 4151 viu
416 4095 491 4152 uos.
