2842 4834
176 323 180 334 '
272 342 294 396 4
389 308 394 318 ’
582 321 648 390 De·
657 327 755 412 pacat
775 326 1008 411 genealogica.

273 501 373 570 redeo
394 492 679 566 condderandam5
714 494 806 560 caiae
826 491 983 576 reliquiae
1003 495 1034 560 ei
1054 490 1110 559 ael
1129 489 1251 558 leniter
1270 495 1326 558 ia·

275 615 404 672 tuemur
425 605 460 665 et
472 598 558 672 inter
573 615 609 658 ae
623 614 867 678 comparamur,
895 593 994 661 facile
1014 594 1058 661 ud
1072 591 1209 658 duorum
1223 615 1328 678 gene·

275 727 349 774 rum
362 699 603 768 distinctionem
620 693 864 778 compellimur,
885 717 968 780 qnae
981 699 1029 762 ita
1043 695 1176 760 omnino
1193 695 1331 760 diuersa

276 813 371 888 eunt,
401 812 440 870 ut
460 821 526 876 noa
555 801 620 864 aiei
647 817 855 862 numeroram
878 800 1090 884 congruentia
1109 803 1145 862 et
1165 799 1331 862 erationia

278 903 491 975 similitudine
519 899 563 966 ad
590 902 675 982 epici
704 901 846 964 nominis
866 902 1132 966 communitatem
1152 901 1335 964 coniuncta

153 1023 159 1040 ’
278 1031 351 1077 care
371 1006 555 1072 uideantur.
597 999 755 1082 Accedit,
783 1001 869 1084 qaod
883 1000 963 1066 liaeo
976 1022 1116 1086 genera,
1137 999 1218 1088 licet
1231 999 1332 1064 malti

277 1107 367 1176 haud
380 1107 477 1172 dabie
490 1109 607 1194 poetae
622 1103 756 1182 luerint,
770 1101 812 1165 ad
826 1103 963 1168 (laenam
976 1103 1181 1185 petierimam
1194 1104 1332 1166 nemina

279 1219 448 1278 auctorum
466 1207 670 1285 reseruntur,
700 1225 836 1284 querum
853 1203 960 1290 gloria
981 1213 1015 1270 et
1034 1203 1169 1270 claritas
1182 1201 1330 1285 reliquo·
1406 1250 1412 1273 .

180 1299 185 1310 κ
273 1335 351 1380 rem
365 1309 461 1376 liniat
474 1307 602 1394 genecio
616 1312 785 1388 poctarum
799 1308 932 1370 aomina
946 1314 1038 1372 tante
1054 1309 1175 1386 uincit,
1205 1313 1332 1386 quante

279 1412 361 1482 rolin
388 1411 542 1494 aplendor
569 1415 603 1474 et
630 1405 729 1472 lunae
750 1409 837 1472 nitor
856 1409 1017 1472 mineram
1038 1407 1182 1473 rideram
1201 1404 1332 1472 lumina

279 1521 421 1600 ruperat.
475 1509 656 1576 Hememm
690 1507 765 1574 dice
791 1515 827 1574 et
852 1507 1052 1590 Heuiedmn,
1089 1531 1170 1591 quea
1198 1512 1332 1592 quentin

277 1615 429 1684 laudibaa
448 1615 550 1679 totiaa
571 1611 641 1678 fere
665 1606 869 1693 andqaitatin
895 1613 1102 1692 concentione
1123 1613 1331 1677 existimatio

280 1717 514 1797 celebrauerit,
540 1715 649 1779 noiant
668 1711 725 1776 ael
739 1711 947 1777 mediocriter
964 1710 1080 1778 haram
1092 1728 1202 1783 reram
1217 1713 1328 1796 periti,

176 1882 180 1896 ‚
280 1820 346 1888 sed
367 1819 404 1884 lei
425 1839 491 1882 non
506 1811 613 1880 aelam
626 1818 800 1896 propterea
812 1821 890 1876 aaut
902 1809 1067 1896 illunnea,
1094 1814 1181 1898 qaod
1200 1817 1330 1900 magnis

280 1930 314 1989 et
337 1921 477 2006 egregii·
498 1912 696 1980 carminibar
717 1915 835 1980 aetatis
849 1933 928 1978 naue
945 1916 1151 1996 queaidacee
1164 1924 1199 1980 et
1212 1914 1329 1980 liuma-

280 2024 394 2090 nitatir
421 2025 571 2084 caeterea
596 2015 780 2080 extiterant
801 2013 979 2080 immortali
998 2015 1106 2102 gloria
1125 2017 1235 2104 digni,
1268 2017 1327 2082 ned

147 2171 150 2181 .
281 2127 381 2192 edam
403 2119 488 2204 qued
501 2119 656 2184 uniueraa
676 2118 787 2198 poen
806 2137 928 2202 genere
949 2119 997 2182 ite
1012 2103 1183 2186 decentet
1195 2139 1329 2201 reprae-

281 2221 603 2305 cenomaniam
616 2215 722 2284 malta
737 2219 882 2283 carmina
899 2216 940 2282 ab
958 2217 1035 2313 aliie
1055 2223 1162 2304 poetic
1182 2221 1331 2302 prolecta

245 2339 248 2346 '
281 2325 324 2394 ed
350 2344 462 2390 eoram
489 2323 718 2389 auctoritatem
746 2320 863 2387 reterri
889 2319 1058 2386 videamur
1065 2343 1076 2398 ς
1109 2323 1145 2388 id
1173 2321 1258 2404 qued
1289 2343 1330 2388 eo

281 2425 485 2512 petierimurn
517 2422 558 2487 de
591 2443 707 2506 cannen
742 2423 865 2488 lactum
894 2443 967 2488 care
996 2423 1094 2489 lucide
1122 2425 1329 2507 perspicitur,

234 2587 240 2596 .
282 2527 368 2613 quod
400 2525 482 2592 haec
521 2546 638 2607 mera,
675 2546 758 2607 quae
790 2523 1002 2590 Homericam
1041 2533 1099 2590 aut
1136 2523 1328 2590 Hesiodium

261 2633 439 2716 ,originem
454 2625 704 2708 mentiebantur,
725 2625 769 2690 ad
778 2627 998 2714 genaineram
1009 2635 1196 2709 poematum
1209 2627 1329 2698 cimili-

279 2728 426 2798 tudinem
447 2728 530 2794 adeo
552 2727 769 2808 accedebant,
796 2735 834 2792 at
844 2727 933 2792 idem
947 2729 1114 2813 ingenium
1129 2729 1329 2812 eandemque

281 2836 361 2900 artie
388 2831 537 2922 termam·
559 2852 638 2913 prae
666 2849 703 2894 ee
732 2829 881 2908 ferrent„
916 2827 1006 2894 Hinc
1039 2826 1224 2896 achelarum
1255 2833 1329 2896 aiae

281 2943 442 3002 rectarum
463 2940 536 2998 orta
556 2933 709 3016 opinione
732 2930 772 2995 de
793 2929 990 2998 Homericae
1009 2935 1090 2998 artie
1108 2931 1328 2998 imitatoribus

281 3043 316 3104 et
343 3033 478 3118 aeecclia
505 3054 622 3120 megae
647 3054 721 3098 eam
749 3032 857 3098 etudio
887 3043 923 3098 et
943 3037 1152 3100 contentione
1172 3057 1233 3101 nec
1254 3039 1328 3102 aine

280 3157 398 3222 magno
419 3135 602 3202 litterarum
614 3136 722 3202 fractu
738 3141 850 3200 neutra
862 3138 1008 3200 maxime
1023 3144 1132 3202 aetate
1146 3142 1329 3219 qaaeaitum

281 3247 332 3304 ert
351 3244 387 3303 et
407 3239 474 3306 iarn
494 3257 534 3302 ee
557 3237 625 3304 lere
639 3236 764 3302 redacti
776 3257 908 3317 eumue,
932 3245 971 3301 nt
985 3235 1180 3303 Homericae
1194 3238 1329 3305 acheloo

209 3408 212 3414 f
279 3339 504 3430 agnoscendae
532 3341 760 3404 neceaeitntem
780 3338 1006 3424 uixeffugere
1024 3361 1120 3422 poree
1141 3338 1329 3422 uideamur,

185 3505 191 3514 ,
280 3462 462 3526 quanquam
478 3437 762 3506 Nitmchianerum
781 3437 1020 3506 dubitationum
1042 3462 1109 3508 aon
1121 3444 1330 3508 immernerea

280 3542 405 3629 aliquid
438 3541 482 3608 ad
515 3541 646 3626 plenam
675 3543 920 3626 pereaneienem
949 3541 1129 3610 desiderari
1157 3549 1329 3612 acatimua.

145 3715 149 3720 ,
206 3739 210 3746 ¹
278 3643 456 3711 Hesiodiae
474 3653 584 3712 autem
597 3643 705 3710 aeetae
725 3648 796 3712 aiae
811 3641 958 3745 familiae
972 3647 1105 3710 nomine
1119 3669 1217 3730 qaum
1228 3646 1329 3712 hodie

145 3821 147 3826 ,
278 3753 404 3812 mutum
426 3769 492 3812 aon
511 3767 624 3812 manea
643 3753 795 3828 utantur,
823 3769 878 3812 ree
901 3749 993 3829 ipae,
1022 3767 1118 3828 qaam
1140 3747 1236 3814 malti
1249 3769 1326 3828 pae-

168 3867 173 3874 ·
277 3850 339 3912 mm
355 3849 510 3932 tetigere,
532 3848 1047 3916 maioremetiemebecuritntem
1062 3849 1325 3915 ctdieeentiendi

253 3949 446 4020 materiam
474 3945 589 4032 habet,
626 3967 722 4031 qaam
741 3947 854 4034 paullo
875 3952 1040 4033 eopieeiue
1069 3958 1267 4032 pertractare
1289 3961 1326 4044 et

274 4057 377 4115 tetam
404 4051 592 4134 opinionem
621 4050 663 4117 ed
690 4050 727 4117 id
754 4049 841 4136 qaod
868 4071 983 4118 aeram
1016 4053 1148 4120 uidetur
1173 4053 1324 4139 redigere
