2842 4834
383 321 387 326 ’
463 329 520 398 Dr
539 327 659 401 choto
672 329 849 399 aoom.
1135 347 1180 409 so

123 502 214 572 Num
235 497 405 567 Phemium
432 508 468 566 et
488 497 711 567 Demodocum
740 500 842 566 elicui
869 501 1001 570 scholae
1028 507 1177 577 addictos

124 607 229 674 tuisse
252 601 472 671 censebimusi
511 601 719 688 (Quanquam
739 600 939 670 Welokerus
962 607 1004 670 de
1025 605 1119 692 Cyol.
1141 632 1175 693 p.

127 713 201 773 205.
224 728 245 770 a
258 703 318 770 tuli
339 707 494 786 opinione
515 725 579 768 non
601 703 779 787 abhorret.)
807 703 959 772 Profecto
975 695 1189 778 taliratione¹

125 803 206 874 nihii
228 813 279 872 est
308 810 386 888 quin
408 805 499 871 effici
521 814 554 872 et
575 807 797 892 demonstrari
818 817 925 888 queat.
968 809 1124 878 Attamm
1146 815 1177 878 si

123 917 285 974 certimen
299 905 438 972 Hesiodi
458 915 492 972 et
506 907 642 972 Homeri
669 905 844 974 confictum
866 920 943 975 ease‘
961 933 1074 980 omnes
1095 936 1174 979 con·-

84 1079 86 1089 ,
121 1011 257 1091 cedunt,
280 1009 322 1074 ad
344 1007 473 1073 scholas
495 1019 603 1074 autem
625 1031 737 1074 eorum
759 1011 923 1094 referunt,
946 1012 1038 1078 nulia
1059 1009 1175 1081 caussa

120 1121 188 1194 est,
211 1135 269 1178 cnr
291 1133 356 1176 nou
378 1115 476 1176 etiam
499 1110 568 1176 illis
590 1111 861 1194 narratiunculis,
885 1115 999 1194 quibua
1022 1115 1175 1197 Orpbeus
1205 1129 1211 1140 ‘

123 1213 237 1280 etalii
266 1217 352 1302 inter
374 1235 412 1277 ue
434 1220 575 1278 certasse
597 1213 766 1294 dicuntur,
797 1216 1029 1284 eodemmodo
1050 1217 1176 1301 aliquid

123 1313 201 1381 fidei
225 1323 259 1383 et
279 1317 483 1406 auctoritatis
504 1317 684 1397 comparari
706 1319 821 1396 possit.
945 1320 949 1330 '

143 1645 317 1722 Reiicitur
338 1656 565 1740 argumentum
586 1671 605 1716 c
626 1649 840 1716 Locrensium
852 1647 988 1732 subulis
1005 1663 1156 1740 petitum

201 1823 277 1890 sed
296 1825 428 1888 tertium
450 1829 597 1904 superest
617 1819 801 1900 tabularum
819 1845 940 1908 genus,
969 1826 1054 1907 quod
1076 1849 1175 1910 supra

98 1929 166 1994 'ad
186 1926 401 1990 Locrensium
429 1931 558 2009 gentem
588 1922 769 1988 retulimus.
813 1923 865 1990 De
889 1948 953 2007 quo
981 1950 1100 2012 genere
1128 1934 1177 1996 sic

3 2069 5 2074 ·
123 2038 272 2096 statuunt
295 2029 359 2093 uiri
383 2027 486 2106 docti,
515 2033 553 2090 ut
575 2049 593 2090 e
615 2023 758 2090 mirifica
784 2037 889 2093 morte
920 2039 1036 2111 poetae
1059 2041 1094 2097 et
1114 2030 1175 2096 ho·

123 2129 263 2197 notifica
284 2133 320 2196 in
341 2125 415 2202 luch
435 2127 559 2194 Nemeo
590 2127 974 2208 sepulturaeonoludant
995 2132 1177 2200 Hesiodum

120 2257 142 2298 e
163 2233 297 2299 Boeotis
319 2239 353 2296 et
372 2229 591 2295 Locrensibus
615 2250 671 2309 pro
694 2228 795 2294 heroe
815 2231 961 2298 habitum
989 2234 1175 2319 cultumque
1241 2272 1246 2280 ·

121 2357 207 2400 ease.
234 2335 420 2398 Exorneuit
442 2330 503 2395 hoc
523 2327 748 2416 argrrrncntum
762 2337 908 2401 maxime
921 2328 1120 2402 Welcherus
1141 2342 1177 2404 in

119 2436 234 2502 Juhnii
247 2435 342 2500 Ann.
356 2433 443 2498 Phil.
468 2437 560 2497 1829.
587 2432 650 2512 IX,
668 2439 697 2497 1.
721 2456 754 2514 p.
771 2439 965 2517 idi-midi,
988 2441 1041 2502 cui
1063 2459 1177 2504 essen-

120 2542 248 2604 tiuntur
271 2533 490 2620 Goettlingius
513 2557 544 2616 p.
568 2531 631 2598 IX.
656 2545 689 2599 et
710 2533 854 2602 Uinicius
876 2559 908 2618 p.
930 2544 994 2603 324
1014 2560 1062 2622 sq.
1105 2539 1176 2604 Ad·

121 2641 267 2720 dentque
280 2629 388 2702 ¹etium
416 2634 624 2720 prouerbium
650 2635 735 2700 illud
763 2657 836 2702 cum
857 2637 993 2704 Pindari
1016 2645 1177 2726 epigram·

120 2750 222 2808 mate.
253 2739 292 2805 ln
314 2736 377 2804 hoc
399 2745 588 2836 argumento
613 2739 833 2803 exmninmdo
854 2763 921 2806 nou
942 2745 991 2808 ita
1012 2741 1092 2810 licet
1109 2744 1177 2809 dis-

119 2851 248 2927 putere,
269 2849 317 2922 ut,
341 2841 426 2924 quod
448 2843 616 2905 certamini
638 2841 788 2921 fecimus,
810 2841 994 2914 fabularum
1016 2847 1176 2931 originem
1231 2881 1236 2889 ·

118 2943 323 3026 temporibus
343 2941 579 3024 posterioribus
595 2941 817 3008 adscribamus
830 2953 865 3010 et
878 2949 1012 3028 antiqua
1027 2945 1178 3028 populari
1195 2978 1200 2991 ¹

120 3048 211 3112 fama
231 3047 292 3112 niti
307 3065 472 3131 negemus,
495 3042 738 3126 tribuamusque
760 3046 873 3126 putido
893 3051 1177 3133 grammaticorum

121 3148 233 3216 studio
255 3146 426 3212 historiam
444 3147 650 3227 antiquorum
672 3148 1050 3228 poetdmmauornandh
1081 3147 1179 3228 Quod

122 3253 297 3334 quominus
315 3250 502 3328 iaciamus,
529 3248 666 3328 impedit
688 3243 893 3331 Thucydidis
913 3252 1090 3330 memoria,
1116 3252 1179 3314 im·

2 3389 11 3407 ·
122 3353 217 3437 pedit
242 3349 432 3416 Philochori
462 3358 507 3416 et*
522 3347 711 3415 Aristotelis
741 3350 782 3415 de
804 3350 993 3418 stesichoro
1022 3353 1179 3431 narratio,

122 3453 263 3538 inpedit
275 3451 502 3516 Eratosthenis
523 3454 710 3517 auctoritem
741 3451 900 3529 Qmmuis
921 3457 1021 3539 igitur
1035 3450 1181 3517 cotnra

122 3560 207 3624 estis
228 3557 363 3635 antiqua
386 3553 503 3632 inerit,
534 3559 644 3617 tamen
666 3569 732 3617 non
753 3575 826 3620 eam
848 3553 948 3619 babet
966 3557 1055 3633 uim,
1080 3561 1118 3619 ut
1138 3554 1180 3621 de

122 3667 296 3743 poetarum
309 3652 542 3720 Hesiodiorum
557 3663 646 3718 secte
667 3652 753 3734 apud
765 3654 948 3721 Locrenses
967 3655 1104 3722 florente
1123 3677 1178 3722 co-

121 3765 230 3848 giture
264 3780 323 3824 nos
358 3763 462 3842 cogat.
513 3753 586 3819 Hoc
616 3755 746 3836 quidem
775 3754 956 3822 Welckero
985 3779 1018 3838 p.
1042 3763 1103 3825 1³8
1131 3776 1179 3842 sq.

123 3861 272 3930 concedi·
284 3867 403 3941 potest,
425 3862 460 3924 iu
476 3860 519 3924 iis
535 3854 743 3950 ciuitatibus„
757 3877 839 3938 quse
852 3855 994 3925 Hesiodi
1010 3880 1084 3925 ossa
1096 3861 1184 3942 epud

122 3987 163 4030 se
180 3959 308 4044 sepulte
321 3959 498 4047 tingebant,
520 3957 714 4025 Hesiodium
728 3960 837 4040 poesis
858 3979 959 4046 genus
977 3960 1091 4044 populi
1112 3969 1183 4028 sto·

124 4067 195 4132 diis
216 4069 383 4144 accepturu
404 4069 595 4148 geniumque
615 4060 728 4128 fuisse.
758 4057 950 4147 Quanquam
973 4071 1101 4147 praeter
1116 4061 1183 4130 Or·
1223 4151 1227 4157 .

161 4167 382 4237 Mmuircieffeiii
400 4175 529 4226 muers.
733 4203 737 4208 -
766 4213 769 4217 .
909 4173 931 4231 4
