2842 4834
248 289 296 396 tt!
573 326 630 395 De
647 334 758 416 poetis
779 295 999 396 Hesiodits'

56 481 61 498 ,
131 453 144 480 λ
181 565 186 576 .
223 501 336 569 ¹urbis
350 507 478 584 poetam
494 501 661 564 nominare
676 498 826 564 debebat.
858 496 988 564 Deinde
1000 474 1232 585 'admonemur,
1251 525 1293 569 no
1420 511 1421 514 ¹

106 673 108 680 .
245 603 331 683 apud
360 601 596 687 Hieronymum
627 597 1331 689 (Eus.Cbron.01.V.,Clnaothon,‘
1420 635 1421 676 3

212 709 215 718 '
244 693 607 772 Lacedaemonius
636 711 751 790 poeta,
782 706 851 785 qui
877 699 1164 808 'l'e'legoniam
1188 710 1294 771 scri·

243 809 351 889 psit,
382 806 720 893 agnoscebatur)
739 803 846 872 aliud
876 823 1005 871 manen
1034 807 1295 874 substituendum

148 899 152 906 ¹
243 917 405 992 putemus.
431 910 485 975 De
501 933 562 993 qua
578 933 613 974 re
634 911 745 974 uarias
765 911 910 972 uirorum
931 908 1108 972 doctornm‘
1122 912 1294 991 opiniones
1419 946 1420 957 κ

243 1013 330 1078 intra
345 1016 495 1098 exposui.
523 1011 625 1076 Porro
641 1011 820 1076 cauendum
835 1019 897 1092 est,
912 1033 952 1074 ne
968 1009 1052 1074 banc
1066 1009 1294 1096 Telegonicm,

243 1135 327 1197 quae
349 1111 545 1179 Cinaetboni
573 1113 745 1194 tribuitur,
773 1136 794 1177 a
818 1113 942 1196 cyclica
972 1111 1134 1176 diuersam
1156 1113 1293 1178 atbltre·

236 1237 333 1296 mur,
364 1217 399 1280 in
429 1239 491 1298 qua
519 1219 671 1300 opinione
693 1213 906 1281 Wuellnerus
933 1237 965 1296 p.
988 1211 1030 1280 ab
1059 1235 1131 1280 esse
1151 1210 1294 1296 uidetur,

167 1331 175 1342 ’
241 1339 348 1400 neque
368 1317 515 1383 dubitare
538 1316 737 1402 debebatC.
754 1317 794 1382 G.
811 1306 992 1382 Muellerus
1012 1337 1045 1398 p.
1062 1321 1135 1382 1³6.
1177 1317 1294 1400 Neque
1420 1373 1421 1414 ἶ

243 1441 355 1484 eornm
390 1423 584 1500 sententiam
617 1419 820 1510 probabilem
855 1440 927 1483 esse
958 1416 1059 1498 duco,
1096 1421 1168 1500 qui,
1208 1440 1293 1501 qnae

243 1521 441 1587 Cinaetboui
462 1523 616 1588 tribuitur
634 1519 835 1607 Telegonia,
855 1543 928 1590 earn
950 1529 1064 1606 postea
1086 1520 1128 1585 ab
1149 1520 1293 1606 Eugam-
1329 1576 1342 1599 .,

162 1695 165 1707 ‚
241 1645 337 1690 moue
366 1631 575 1690 retractatam
603 1646 674 1688 esse
703 1627 878 1706 opinantur
906 1630 942 1688 et
968 1625 1016 1686 sic
1048 1621 1140 1689 illius
1168 1622 1318 1700 distre-5

240 1729 372 1810 pentius
396 1729 554 1812 originem
576 1724 777 1807 explicuisse
798 1725 863 1790 sibi
882 1725 1046 1822 uidentur.

326 1829 451 1893 Eadem
479 1849 561 1912 quae
583 1825 623 1890 ‹le
647 1821 830 1912 Telegonis
849 1827 923 1890 dixi
943 1829 979 1891 is
999 1825 1136 1892 Iliadem
1156 1847 1292 1910 paruam

222 1933 377 2006 'cainan
413 1943 509 2012 quam
541 1930 571 1992 si
600 1931 671 2010 qtris
700 1929 751 2013 (nt
769 1927 966 1994 Lentscbins
987 1929 1011 1993 l.
1031 1928 1077 2011 l.',
1106 1933 1162 2011 qui
1191 1933 1291 1994 etiarn

239 2037 276 2102 tn
296 2034 449 2099 carminis
470 2032 602 2095 nomine
627 2029 727 2114 errat)
750 2029 949 2096 Cinaetboni
961 2030 1047 2096 falso
1058 2029 1199 2096 adscribi
1210 2035 1290 2096 sim·
1351 2043 1358 2055 '

238 2135 369 2219 pliciter
391 2131 576 2214 contendit,
607 2135 739 2196 omnino
769 2133 967 2214 quaestionis
988 2136 1057 2198 nim
1083 2141 1118 2200 et
1141 2141 1292 2200 naturam

186 2273 191 2282 ·
238 2237 447 2319 perspexisse
468 2240 526 2299 aut
550 2235 690 2300 sensisse
711 2255 778 2299 non
799 2236 940 2300 uidetur.
982 2235 1114 2301 Etenim
1135 2236 1197 2302 boc
1218 2239 1291 2322 sgi-

237 2345 310 2420 tur,
346 2343 384 2402 nt
413 2357 614 2418 communem
652 2341 831 2403 carminum
867 2342 1032 2419 epicorum
1068 2339 1290 2404 conditionem
1419 2334 1420 2407 J

189 2440 480 2507 weonsideremus
502 2448 536 2505 et
556 2437 755 2524 singularum
778 2443 922 2527 gentium
952 2442 1013 2506 illa
1033 2440 1097 2506 sibi
1117 2441 1288 2506 uindican—
1420 2497 1421 2530 r

236 2544 320 2606 tium
338 2545 414 2607 'iura
434 2531 671 2606 examinemus.
699 2542 807 2626 Atque
820 2540 856 2606 ¹si
873 2553 1055 2625 propterea,
1077 2543 1162 2625 quod
1176 2543 1314 2631 plurcs‘

122 2643 124 2652 ⁴
238 2647 412 2726 scriptores
441 2643 574 2726 aliquod
601 2667 734 2709 carmen
758 2651 847 2709 certo
871 2645 999 2710 cuidam
1027 2655 1143 2728 poetae
1164 2648 1288 2712 adseri·

236 2745 339 2829 bant,
350 2767 353 2784 ·
368 2746 453 2849 bunc
482 2767 541 2829 pro
569 2771 648 2812 uero
671 2755 803 2814 auctore
826 2747 999 2829 babemus,
1027 2749 1203 2815 uidendum
1224 2759 1288 2833 est,
1358 2811 1367 2824 ,
1420 2765 1421 2776 ’

149 2871 161 2878 ·
198 2850 199 2853 ’
235 2871 278 2914 ne
300 2848 364 2913 hoc
387 2851 485 2913 nunis
506 2849 650 2914 studioso
680 2851 854 2924 faciamus3
888 2871 992 2946 neque
1014 2848 1133 2932 reliqui
1159 2855 1288 2934 poetae,
1420 2877 1421 2928 1

236 2951 278 3015 cle
300 2951 444 3016 eiusdem
468 2954 620 3016 carminis
642 2955 847 3033 possessione
870 2959 1044 3033 certantes,
1068 2959 1136 3015 turn
1160 2953 1287 3036 simpli-

132 3125 136 3135 !
236 3056 318 3122 citer
348 3061 424 3119 sunt
451 3043 631 3119 reiiciendi.
675 3051 933 3117 Difficillimum.
949 3053 1078 3135 quidem
1108 3057 1222 3126 estin
1247 3077 1288 3119 ea

236 3177 299 3239 qua
320 3155 504 3221 laboramus
526 3154 787 3220 testimoniorum
804 3157 919 3235 inopia
940 3163 975 3219 et
993 3157 1152 3229 tenuitate
1170 3150 1286 3222 uerum
1419 3226 1420 3251 ἶ

233 3265 401 3348 auctorem
428 3261 645 3343 inuestigare3
678 3258 737 3322 sed
757 3257 957 3321 becumen
984 3264 1096 3326 tenere
1118 3249 1287 3340 debemus,

234 3361 472 3444 ignorationem
494 3364 602 3443 potius
626 3358 855 3442 profitendam,
881 3381 976 3442 quam
998 3357 1057 3423 has
1080 3361 1287 3441 quaestiones
1419 3376 1420 3439 ἴ

234 3468 302 3526 tam
324 3461 443 3530 leuiter
463 3461 792 3544 instituendas'esse,
817 3470 856 3527 ut
876 3465 905 3526 si
927 3465 980 3526 cui
1000 3469 1117 3543 poetae
1139 3483 1160 3526 a
1179 3461 1286 3528 tribus
1419 3510 1420 3521 ,

228 3563 290 3628 uel
312 3571 463 3644 quattuor
490 3551 720 3646 scriptoribus,
748 3563 824 3629 aliis
857 3571 965 3628 autem
994 3563 1035 3628 ab
1063 3585 1129 3662 uno
1158 3570 1286 3628 tantum

234 3663 380 3746 diacone
403 3687 532 3731 carmen
558 3665 719 3748 quoddam
740 3666 912 3755 tribuitur,
945 3665 997 3731 illi
1027 3667 1146 3747 potins‘
1162 3667 1286 3746 princi-

101 3812 105 3822 .
232 3773 344 3850 patum
367 3769 606 3834 eoncedendum
629 3789 701 3834 esse
723 3771 903 3851 opinemur.
941 3765 1026 3832 Nam
1051 3769 1179 3832 etiarnsi
1202 3767 1285 3830 dici·

226 3889 324 3948 mus,
348 3867 544 3936 Cineethoui
573 3893 593 3936 a
614 3869 903 3951 Lacedaemoniis,
928 3867 1078 3934 Lesebae
1102 3891 1123 3932 a
1140 3855 1285 3950 Lesbiis,

225 3965 495 4034 'ibestoridae‘a
519 3971 779 4049 Phocaeensibus
802 3971 936 4037 [liudem
960 3993 1112 4053 paruum,
1137 3977 1195 4035 ant
1215 3967 1284 4035 Eu·

94 4089 101 4106 ¹
225 4065 322 4134 melo
350 4093 371 4138 a
393 4067 592 4158 Corinthiis,
621 4073 726 4162 Agiae
753 4097 774 4140 a
795 4071 1005 4154 Troeseuiis,
1033 4071 1242 4156 Colophonio
1262 4095 1286 4140 s
