2842 4834
403 341 460 422 Dr
484 347 583 432 poesi
597 345 902 432 gesreelogma⁸⁴
1120 354 1140 415 ι

99 535 181 578 aune
202 523 250 579 eo‘
259 515 379 578 minus
361 533 663 612 superuacaneum
669 497 737 580 ant
754 513 872 580 inutile
892 515 999 580 uideri
1020 523 1139 598 potest,

100 637 161 698 qno
182 609 307 725 gmnior
327 623 378 682 est
393 614 476 683 haee
500 617 647 698 quaestio
669 625 704 681 et
725 615 767 682 at
781 639 893 682 ueram
906 619 1018 698 epieae
1030 620 1139 698 poesis

101 712 350 785 aestimationem
366 715 624 787 desiderabilior.
657 713 704 782 Ut
716 726 826 795 autera
838 719 934 784 nobis
948 716 1010 782 hoe
1023 741 1139 817 munus

101 821 330 902 suspiciendum
361 811 577 900 arbitremur,
609 841 650 884 eo
682 819 803 885 lactum
835 828 902 902 est,
936 820 1024 904 quod
1048 809 1140 886 ιιίιιι

100 921 204 986 laetos
230 907 411 989 llesiodiae
440 915 572 986 scholae
592 919 754 988 uocabulo
776 920 868 986 abuti
893 921 964 987 fere
986 921 1140 1003 uidimus,

97 1045 151 1087 aee
171 1031 281 1090 ιιιιιι
305 1043 496 1107 quemquam
518 1025 722 1104 inuenimus,
751 1027 807 1108 qui
828 1031 938 1088 sectae
960 1021 1141 1089 llesioeliae
1236 1024 1241 1036 ’

95 1133 148 1190 ιιι
170 1126 336 1192 notionem
359 1131 510 1190 accurate
531 1122 684 1190 definiret
705 1133 763 1190 aut
782 1132 972 1212 argumenta
987 1125 1140 1206 probabi·

92 1224 167 1292 liter
185 1229 384 1292 aestimaret.
428 1223 531 1292 Cuius
552 1227 666 1292 iudicii
689 1229 865 1292 seueritate
888 1228 1011 1308 siquis
1034 1213 1151 1292 offen!

29 1393 31 1400 ,
93 1325 204 1412 latur,
227 1349 302 1394 enm
320 1335 470 1415 rogatum
491 1327 613 1409 uelim,
634 1335 672 1394 ut
693 1351 735 1394 na
750 1327 893 1410 quidme
907 1326 995 1392 uelle
1009 1327 1141 1395 illorum
1215 1329 1241 1392 .'

91 1433 256 1511 uirorum,
290 1431 346 1511 qui
367 1428 469 1494 en'sle
488 1450 527 1493 re
549 1430 727 1510 scripsere,
757 1427 909 1494 laudibus
930 1429 1140 1512 amplissimis

91 1531 266 1597 detrahere
294 1529 482 1603 existimet3
513 1527 571 1597 sed
600 1527 663 1592 hoe
690 1533 838 1610 reputet,
866 1544 964 1610 quam
985 1531 1141 1612 procliuia
1234 1611 1238 1620 Ι
1347 1589 1353 1602 .

89 1637 136 1699 ιιι
156 1629 349 1714 plerumque
368 1627 535 1693 homiuum
557 1630 684 1694 animus
706 1628 840 1695 aeirem
860 1627 1022 1750 aliquam,
1049 1635 1142 1698 euius

88 1735 266 1800 ueritatem
288 1750 355 1814 pro
369 1729 543 1813 explorata
560 1751 598 1796 re
619 1728 759 1814 habent,
796 1731 886 1796 omni
905 1731 1002 1795 molo
1022 1731 1142 1798 eonlir·

92 1833 257 1914 mandem,
280 1838 433 1916 atquem
448 1831 596 1915 rapidius
610 1831 846 1916 qualiacunque
859 1842 1048 1925 argumenta
1061 1837 1146 1900 arri·
1216 1881 1228 1900 .
1297 1841 1301 1859 “
1371 1850 1374 1860 “

93 1941 202 2022 piant,
236 1957 332 2018 quern
354 1955 451 2016 saepo
469 1956 533 1999 non
551 1937 714 2021 cogitent,
742 1933 861 1999 bonam
883 1955 1032 2000 caussam
1048 1935 1145 2003 malis

94 2037 277 2104 rationibus
298 2036 465 2102 defensam
485 2035 679 2102 deteriorem
699 2021 782 2102 lieri
788 2059 1033 2120 saepenumero
1077 2038 1143 2104 see
1256 2051 1261 2061 ’

95 2138 183 2224 quid
195 2161 256 2225 ego
270 2159 324 2205 me
338 2137 482 2204 exeusol
509 2136 635 2206 Νιιι
609 2161 638 2204 ιι
652 2144 764 2204 uerius
765 2161 887 2223 ,quam
901 2139 1007 2206 adhue
1021 2141 1144 2206 laetum

95 2251 156 2325 est,
178 2243 219 2307 ele
243 2239 306 2306 hae
328 2261 365 2306 re
381 2239 544 2306 iudicasse
559 2249 594 2308 et
607 2251 797 2325 argumenta
812 2244 933 2307 rectius
947 2243 1145 2324 ponderasse
1184 2289 1188 2298 ι

37 2377 40 2386 ·
95 2366 266 2428 reperero,
287 2339 385 2408 facile
400 2345 552 2425 quisque,
575 2346 630 2424 qui
645 2339 830 2408 litterarum
850 2343 1005 2421 utilitatis
1020 2345 1144 2410 studio-

95 2450 161 2511 sior
184 2452 237 2510 eat
258 2465 354 2526 quam
376 2460 454 2507 suae
476 2441 603 2525 laudis,
629 2446 761 2509 ueniam
775 2441 857 2508 mihi
870 2444 1144 2520 ultroeoncesletr

95 2553 145 2614 sia
168 2551 300 2627 minus,
324 2565 366 2610 ne
389 2551 559 2611 excusatio
579 2545 708 2627 quidem
730 2567 837 2612 meam
857 2546 899 2612 ele
918 2549 1146 2612 summisuiris

97 2653 215 2716 acriter
230 2645 398 2714 iudicandi
414 2650 632 2713 temeritatem
651 2651 798 2713 minuere
820 2653 855 2714 et
870 2649 1020 2713 meritam
1033 2669 1146 2729 repre·

98 2753 291 2818 hensionern
313 2757 462 2816 auertere
485 2751 614 2832 poterit.
659 2747 782 2816 Uerum
799 2747 862 2815 hoo
875 2750 976 2816 liceat
987 2747 1147 2833 profiteri,
1220 2787 1224 2794 <

99 2875 151 2920 ne
179 2853 257 2937 plus
284 2844 387 2918 semel
414 2849 499 2917 hane
528 2849 582 2916 de
596 2848 710 2917 sehale
738 2849 899 2917 Hesioiia
926 2855 1148 2935 quaestionem
1281 2871 1286 2889 ¹

101 2959 208 3020 animo
239 2961 455 3038 pertractasse
483 2960 518 3020 et
543 2957 652 3020 omnia
675 2963 839 3020 momenta
859 2963 1009 3022 scemate
1030 2957 1149 3019 iterum

101 3059 283 3140 iterumque
310 3055 509 3138 ponderasse
544 3077 584 3120 ae
611 3058 808 3121 seutentiam
838 3059 968 3138 saepius
996 3063 1150 3136 mutasse,

103 3163 147 3225 its
166 3167 205 3225 ut
227 3179 311 3242 qnae
333 3180 418 3224 nune
433 3157 597 3241 proferam
610 3157 754 3224 medium
770 3157 1004 3241 quodammodo
1019 3141 1156 3224 teneaat

103 3265 186 3328 inter
217 3262 299 3326 siuas
325 3265 504 3327 contraries
533 3261 714 3342 opiniones.
765 3256 832 3327 see
851 3265 891 3326 ιιι
917 3248 1064 3342 quaestio
1092 3257 1153 3322 illa

104 3371 190 3429 reete
212 3365 403 3429 instituatur
423 3385 506 3428 neue
528 3369 617 3427 nerto
637 3361 777 3445 quodam
798 3367 910 3428 eareat
929 3361 1153 3438 fundamento,

104 3465 249 3531 breuiter
278 3463 318 3528 ‹le
346 3463 525 3532 llesiodiae
552 3465 660 3544 poesis
683 3470 799 3529 natura
821 3467 889 3530 et
878 3465 1010 3548 ingenio
1041 3460 1152 3526 dioen-

106 3565 180 3631 ium
203 3565 354 3650 uidetur,
382 3569 431 3632 its
450 3574 488 3631 ιιι
509 3563 633 3630 eiusab
646 3563 954 3670 Homerieoganare
969 3561 1153 3630 differentia
1233 3645 1236 3662 Ι

106 3665 290 3736 sanamur
